timestamp,order_id,event_type,side,price,size
2025-01-01 09:30:00.022,eb819333,1,Ask,150.07,256
2025-01-01 09:30:00.047,b5011c18,1,Bid,149.98,217
2025-01-01 09:30:00.063,2cb9d946,1,Bid,149.98,240
2025-01-01 09:30:00.082,10c2b4a1,1,Bid,149.99,170
2025-01-01 09:30:00.095,1f3a8b13,2,Bid,149.98,44
2025-01-01 09:30:00.108,7ae6b7f0,1,Bid,149.95,191
2025-01-01 09:30:00.118,2a30e96f,1,Bid,149.99,124
2025-01-01 09:30:00.129,5d71f146,1,Ask,150.02,23
2025-01-01 09:30:00.140,97dbddc7,1,Bid,149.9,18
2025-01-01 09:30:00.158,4ebe94fb,1,Bid,149.91,62
2025-01-01 09:30:00.169,6705ef36,1,Bid,149.97,199
2025-01-01 09:30:00.185,0a292c1b,1,Bid,149.98,69
2025-01-01 09:30:00.196,69600d17,1,Ask,150.01,194
2025-01-01 09:30:00.208,7972c35d,1,Bid,149.89,36
2025-01-01 09:30:00.223,80be98e8,3,Ask,150.01,81
2025-01-01 09:30:00.233,97a99476,1,Ask,150.07,55
2025-01-01 09:30:00.248,df124bdb,1,Ask,150.0,35
2025-01-01 09:30:00.262,9fb721cb,1,Bid,149.98,30
2025-01-01 09:30:00.280,14fbab2b,1,Ask,150.01,36
2025-01-01 09:30:00.294,bab4bece,2,Ask,150.02,11
2025-01-01 09:30:00.307,2bde8902,3,Ask,150.0,35
2025-01-01 09:30:00.317,d7ca6ae5,1,Ask,150.02,585
2025-01-01 09:30:00.333,5b3d594f,1,Ask,150.05,840
2025-01-01 09:30:00.344,c1196dd4,1,Bid,150.0,51
2025-01-01 09:30:00.359,1eeb3139,2,Ask,150.05,117
2025-01-01 09:30:00.374,0c4ae4e2,1,Ask,150.05,302
2025-01-01 09:30:00.396,b1f72e18,1,Ask,150.02,83
2025-01-01 09:30:00.423,2495d27f,1,Ask,150.01,67
2025-01-01 09:30:00.435,0a933080,1,Bid,149.87,95
2025-01-01 09:30:00.446,03de0f6f,1,Ask,150.06,103
2025-01-01 09:30:00.459,4b54ae1f,1,Ask,150.02,85
2025-01-01 09:30:00.476,feb4aa01,1,Bid,149.94,125
2025-01-01 09:30:00.500,7ff95af7,1,Bid,149.98,333
2025-01-01 09:30:00.513,a0fd334a,1,Ask,150.02,912
2025-01-01 09:30:00.529,554a9e69,1,Bid,149.91,27
2025-01-01 09:30:00.540,c2e39751,3,Ask,150.01,216
2025-01-01 09:30:00.551,db17724f,3,Ask,150.02,78
2025-01-01 09:30:00.569,cb5e6bbc,3,Ask,150.02,105
2025-01-01 09:30:00.579,ea5200e0,1,Ask,150.05,147
2025-01-01 09:30:00.596,d16d7bb0,1,Bid,150.0,161
2025-01-01 09:30:00.617,957a5f19,1,Ask,150.03,74
2025-01-01 09:30:00.627,d5cef23f,3,Ask,150.02,119
2025-01-01 09:30:00.639,a2f03644,3,Ask,150.02,71
2025-01-01 09:30:00.650,8222e375,2,Bid,149.97,199
2025-01-01 09:30:00.674,d8338d12,1,Ask,150.15,106
2025-01-01 09:30:00.685,fb90c449,3,Ask,150.02,617
2025-01-01 09:30:00.695,b61925ff,1,Ask,150.2,189
2025-01-01 09:30:00.718,65a58ccb,3,Ask,150.02,317
2025-01-01 09:30:00.732,5f619e23,3,Ask,150.02,12
2025-01-01 09:30:00.743,797f65ee,1,Ask,150.25,225
2025-01-01 09:30:00.766,c89a17f6,3,Ask,150.02,85
2025-01-01 09:30:00.778,8f21d525,1,Ask,150.25,122
2025-01-01 09:30:00.793,ca57c0e0,2,Bid,149.89,36
2025-01-01 09:30:00.803,ee5bfbb8,3,Ask,150.02,273
2025-01-01 09:30:00.814,e2614dd3,2,Ask,150.06,24
2025-01-01 09:30:00.828,d0a93dff,3,Ask,150.03,74
2025-01-01 09:30:00.838,6907bb03,1,Ask,150.28,227
2025-01-01 09:30:00.848,3c961fe9,1,Ask,150.28,22
2025-01-01 09:30:00.865,011d5172,1,Ask,150.3,377
2025-01-01 09:30:00.877,065b470a,1,Ask,150.3,55
2025-01-01 09:30:00.894,43b5f811,2,Ask,150.2,148
2025-01-01 09:30:00.904,464f2fc5,3,Ask,150.05,54
2025-01-01 09:30:00.918,9f08fc2e,3,Ask,150.05,374
2025-01-01 09:30:00.929,7b32ddb0,2,Bid,149.9,18
2025-01-01 09:30:00.940,bdd95c9d,3,Ask,150.05,293
2025-01-01 09:30:00.955,a4108b6d,1,Ask,150.37,32
2025-01-01 09:30:00.966,82850a8c,1,Ask,150.38,66
2025-01-01 09:30:00.991,a4f3dfa5,1,Ask,150.5,1343
2025-01-01 09:30:01.001,21bcf43e,1,Ask,150.42,45
2025-01-01 09:30:01.011,2dd77f50,3,Ask,150.05,75
2025-01-01 09:30:01.024,6b344b6a,1,Ask,150.51,22
2025-01-01 09:30:01.036,d2884c5f,2,Ask,150.25,154
2025-01-01 09:30:01.055,6b2c9b4f,1,Ask,150.38,91
2025-01-01 09:30:01.066,55b15233,1,Ask,150.38,37
2025-01-01 09:30:01.078,1d46cdd6,1,Ask,150.38,129
2025-01-01 09:30:01.092,0d59c331,3,Ask,150.05,189
2025-01-01 09:30:01.102,0d967d7d,1,Ask,150.41,83
2025-01-01 09:30:01.112,116ec354,3,Ask,150.05,146
2025-01-01 09:30:01.136,36df897b,1,Ask,150.41,28
2025-01-01 09:30:01.146,581e3002,2,Ask,150.2,41
2025-01-01 09:30:01.158,aab97424,2,Bid,150.0,120
2025-01-01 09:30:01.168,6ada81cd,1,Ask,150.42,23
2025-01-01 09:30:01.183,4ac3cf9e,2,Ask,150.07,34
2025-01-01 09:30:01.197,a6ec351d,1,Ask,150.41,500
2025-01-01 09:30:01.214,2a5600e0,1,Ask,150.44,59
2025-01-01 09:30:01.226,4c5c4cfc,1,Ask,150.48,52
2025-01-01 09:30:01.236,bfc13fc3,3,Ask,150.05,41
2025-01-01 09:30:01.248,d21698b6,3,Ask,150.06,79
2025-01-01 09:30:01.263,ff1e519c,3,Ask,150.07,66
2025-01-01 09:30:01.275,29d1eeab,1,Ask,150.45,73
2025-01-01 09:30:01.290,c5be9888,1,Ask,150.43,201
2025-01-01 09:30:01.301,3fa5adff,2,Ask,150.07,17
2025-01-01 09:30:01.314,064d7264,3,Ask,150.07,33
2025-01-01 09:30:01.325,43895bf6,3,Ask,150.07,18
2025-01-01 09:30:01.340,b6a780c0,1,Ask,150.43,59
2025-01-01 09:30:01.355,e002d658,3,Ask,150.07,141
2025-01-01 09:30:01.366,f510d3df,3,Ask,150.07,2
2025-01-01 09:30:01.401,c375596d,1,Ask,150.44,447
2025-01-01 09:30:01.418,8ce725a7,2,Bid,149.98,45
2025-01-01 09:30:01.428,b138fe3e,3,Ask,150.15,78
2025-01-01 09:30:01.438,b758053b,3,Ask,150.15,28
2025-01-01 09:30:01.453,cdeda66a,3,Ask,150.25,20
2025-01-01 09:30:01.466,bb71ffdc,3,Ask,150.25,22
2025-01-01 09:30:01.477,0c05eaae,1,Ask,150.4,106
2025-01-01 09:30:01.494,dca3cdb4,3,Ask,150.25,19
2025-01-01 09:30:01.516,881ac29e,1,Ask,150.62,603
2025-01-01 09:30:01.542,c188d0e8,2,Bid,149.94,125
2025-01-01 09:30:01.555,99aee34b,1,Ask,150.42,155
2025-01-01 09:30:01.566,3b166337,3,Ask,150.25,57
2025-01-01 09:30:01.588,6524c3c6,2,Ask,150.3,101
2025-01-01 09:30:01.603,0e2596ec,1,Ask,150.43,95
2025-01-01 09:30:01.614,ea923e04,2,Ask,150.3,33
2025-01-01 09:30:01.624,8598ef45,1,Ask,150.4,16
2025-01-01 09:30:01.634,c1367786,1,Ask,150.44,33
2025-01-01 09:30:01.649,f12a6b65,2,Bid,149.87,95
2025-01-01 09:30:01.664,d5393103,3,Ask,150.25,75
2025-01-01 09:30:01.674,f337b757,3,Ask,150.28,31
2025-01-01 09:30:01.684,fade4478,1,Ask,150.44,148
2025-01-01 09:30:01.704,b6a0576e,3,Ask,150.28,218
2025-01-01 09:30:01.714,f1975cbe,2,Bid,149.99,144
2025-01-01 09:30:01.724,6875d69b,1,Ask,150.47,61
2025-01-01 09:30:01.736,39501006,1,Ask,150.47,14
2025-01-01 09:30:01.766,943874f4,3,Ask,150.3,26
2025-01-01 09:30:01.780,b9b969ac,1,Ask,150.44,106
2025-01-01 09:30:01.793,8784d97e,2,Ask,150.48,52
2025-01-01 09:30:01.806,08627cfb,3,Ask,150.3,64
2025-01-01 09:30:01.822,5b904e1b,3,Ask,150.3,73
2025-01-01 09:30:01.834,9b4a18da,1,Ask,150.53,86
2025-01-01 09:30:01.846,9b59229e,3,Ask,150.3,34
2025-01-01 09:30:01.857,4431f32d,2,Ask,150.44,38
2025-01-01 09:30:01.870,bacfe587,1,Ask,150.5,112
2025-01-01 09:30:01.881,4578165c,3,Ask,150.3,101
2025-01-01 09:30:01.900,9a812b20,3,Ask,150.37,32
2025-01-01 09:30:01.922,6b615487,3,Ask,150.38,133
2025-01-01 09:30:01.938,d7af2988,2,Bid,150.0,49
2025-01-01 09:30:01.964,71c4a757,1,Ask,150.57,503
2025-01-01 09:30:01.981,6af2c365,2,Bid,149.95,47
2025-01-01 09:30:01.991,a623cda5,3,Ask,150.38,185
2025-01-01 09:30:02.003,723db451,1,Ask,150.54,21
2025-01-01 09:30:02.024,9bbf3ec0,1,Ask,150.55,73
2025-01-01 09:30:02.037,bb7af5a8,1,Ask,150.66,215
2025-01-01 09:30:02.054,07902f42,3,Ask,150.38,5
2025-01-01 09:30:02.068,85e33420,3,Ask,150.4,122
2025-01-01 09:30:02.079,da66d147,3,Ask,150.41,71
2025-01-01 09:30:02.091,24d19448,1,Ask,150.63,11
2025-01-01 09:30:02.106,eda10b8a,1,Ask,150.65,162
2025-01-01 09:30:02.124,4b6d6a66,2,Bid,149.91,89
2025-01-01 09:30:02.137,581f657d,1,Ask,150.61,172
2025-01-01 09:30:02.155,894a28b3,3,Ask,150.41,25
2025-01-01 09:30:02.169,1f787f3d,3,Ask,150.41,63
2025-01-01 09:30:02.179,352b2cb3,1,Ask,150.56,92
2025-01-01 09:30:02.191,abe03ac6,1,Ask,150.57,420
2025-01-01 09:30:02.208,dc05fcb5,2,Ask,150.63,11
2025-01-01 09:30:02.218,1fbae5cb,1,Ask,150.58,221
2025-01-01 09:30:02.229,547a16a7,3,Ask,150.41,168
2025-01-01 09:30:02.245,1247e6b6,3,Ask,150.41,284
2025-01-01 09:30:02.255,a1db27cd,3,Ask,150.42,142
2025-01-01 09:30:02.265,f9dc29bf,3,Ask,150.42,76
2025-01-01 09:30:02.300,cc78b8d2,1,Ask,150.72,398
2025-01-01 09:30:02.312,e467254f,1,Ask,150.67,557
2025-01-01 09:30:02.328,95fa2e5e,3,Ask,150.42,5
2025-01-01 09:30:02.343,a936f6f3,3,Ask,150.43,100
2025-01-01 09:30:02.353,e0a2c0f9,1,Ask,151.02,37
2025-01-01 09:30:02.375,7191829e,1,Ask,150.69,14
2025-01-01 09:30:02.395,29769b42,3,Ask,150.43,151
2025-01-01 09:30:02.422,cccc06c6,3,Ask,150.43,72
2025-01-01 09:30:02.436,bb4f73a5,2,Bid,149.99,150
2025-01-01 09:30:02.447,0c1cf595,3,Ask,150.43,26
2025-01-01 09:30:02.459,ee9a7086,3,Ask,150.43,6
2025-01-01 09:30:02.470,5d937c5b,2,Bid,149.98,25
2025-01-01 09:30:02.488,9008861d,2,Ask,150.56,92
2025-01-01 09:30:02.504,16e7ab86,2,Ask,151.02,37
2025-01-01 09:30:02.521,ff7a9b2b,1,Ask,150.75,109
2025-01-01 09:30:02.531,6c15f307,3,Ask,150.44,358
2025-01-01 09:30:02.542,4568de96,2,Ask,150.58,84
2025-01-01 09:30:02.559,678b4a54,1,Ask,150.78,48
2025-01-01 09:30:02.576,4284fedc,1,Ask,150.83,110
2025-01-01 09:30:02.587,ae06ec36,2,Ask,150.83,110
2025-01-01 09:30:02.606,be9e750d,2,Ask,150.65,102
2025-01-01 09:30:02.617,72e3dd09,1,Ask,150.8,11
2025-01-01 09:30:02.627,8706d4d9,1,Ask,150.77,741
2025-01-01 09:30:02.657,29f2a890,1,Ask,150.78,20
2025-01-01 09:30:02.679,26365e81,3,Ask,150.44,184
2025-01-01 09:30:02.701,29db547b,1,Ask,150.79,50
2025-01-01 09:30:02.712,e5336a94,3,Ask,150.44,213
2025-01-01 09:30:02.726,d809d429,1,Ask,150.76,20
2025-01-01 09:30:02.738,dc0c376a,2,Bid,150.0,43
2025-01-01 09:30:02.748,2e1a3d22,2,Ask,150.66,45
2025-01-01 09:30:02.758,45fb1434,2,Ask,150.69,14
2025-01-01 09:30:02.769,040e5fe9,1,Ask,150.75,27
2025-01-01 09:30:02.780,66c4141e,2,Ask,150.78,68
2025-01-01 09:30:02.790,7992ec71,3,Ask,150.45,73
2025-01-01 09:30:02.812,f78da95c,1,Ask,150.73,149
2025-01-01 09:30:02.830,7a8181f1,2,Ask,150.8,11
2025-01-01 09:30:02.844,acd9a17b,3,Ask,150.47,75
2025-01-01 09:30:02.864,f65940dc,3,Ask,150.5,158
2025-01-01 09:30:02.875,1f9bb034,2,Bid,149.98,72
2025-01-01 09:30:02.886,1f735227,1,Ask,150.83,191
2025-01-01 09:30:02.904,4bf7b71c,2,Ask,150.51,22
2025-01-01 09:30:02.915,11ada71f,2,Bid,149.95,80
2025-01-01 09:30:02.927,42a0d8ce,1,Ask,150.82,228
2025-01-01 09:30:02.954,a984883a,3,Ask,150.5,126
2025-01-01 09:30:02.977,9e6a943d,3,Ask,150.5,24
2025-01-01 09:30:02.997,8e185c3a,2,Bid,149.95,64
2025-01-01 09:30:03.008,42967cd2,1,Ask,150.9,997
2025-01-01 09:30:03.027,bc7a0ca1,2,Bid,149.98,158
2025-01-01 09:30:03.039,564ae7cf,3,Ask,150.5,17
2025-01-01 09:30:03.053,d5838819,2,Bid,149.98,545
2025-01-01 09:30:03.064,5079bff4,1,Ask,150.91,112
2025-01-01 09:30:03.076,60cb943f,3,Ask,150.5,119
2025-01-01 09:30:03.091,c3ecee4e,1,Ask,150.98,31
2025-01-01 09:30:03.116,ff28e657,3,Ask,150.5,80
2025-01-01 09:30:03.130,ae0b5e64,3,Ask,150.5,244
2025-01-01 09:30:03.147,5a8ba49f,1,Ask,151.0,14
2025-01-01 09:30:03.173,924cb3ff,3,Ask,150.5,84
2025-01-01 09:30:03.185,4e4f82b6,1,Ask,151.13,745
2025-01-01 09:30:03.202,573ea539,3,Ask,150.5,391
2025-01-01 09:30:03.225,31571fa1,3,Ask,150.5,48
2025-01-01 09:30:03.239,7be604f3,1,Ask,150.98,86
2025-01-01 09:30:03.257,6a44c98f,3,Ask,150.5,31
2025-01-01 09:30:03.267,2dabbc43,3,Ask,150.5,23
2025-01-01 09:30:03.282,478897ba,3,Ask,150.5,85
2025-01-01 09:30:03.297,ae4658cf,3,Ask,150.5,25
2025-01-01 09:30:03.311,0fd83d3e,2,Ask,151.0,14
2025-01-01 09:30:03.324,dd0b8a21,3,Ask,150.53,86
2025-01-01 09:30:03.334,e70f5833,2,Ask,150.79,50
2025-01-01 09:30:03.345,efab2d46,2,Ask,150.72,398
2025-01-01 09:30:03.355,186fbfd8,1,Ask,150.99,214
2025-01-01 09:30:03.365,a9d6a489,2,Ask,150.9,43
2025-01-01 09:30:03.375,0fd2840e,2,Ask,150.98,117
2025-01-01 09:30:03.386,14aa716c,1,Ask,150.97,63
2025-01-01 09:30:03.413,94042b1e,1,Ask,151.01,60
2025-01-01 09:30:03.430,30b20902,1,Ask,151.05,17
2025-01-01 09:30:03.447,1044cab8,1,Ask,151.33,49
2025-01-01 09:30:03.459,4036abc7,1,Ask,150.97,114
2025-01-01 09:30:03.469,b954234d,3,Ask,150.54,21
2025-01-01 09:30:03.481,20a75ad7,1,Ask,150.95,128
2025-01-01 09:30:03.493,59d87c65,2,Ask,150.58,119
2025-01-01 09:30:03.504,d9d84637,3,Ask,150.55,73
2025-01-01 09:30:03.523,c854a70f,3,Ask,150.57,63
2025-01-01 09:30:03.549,ffd2f3a3,3,Ask,150.57,36
2025-01-01 09:30:03.561,49896361,3,Ask,150.57,24
2025-01-01 09:30:03.571,92034112,1,Ask,151.01,103
2025-01-01 09:30:03.584,0a337711,3,Ask,150.57,25
2025-01-01 09:30:03.597,3362722b,3,Ask,150.57,195
2025-01-01 09:30:03.609,a8af8d1c,1,Ask,150.98,53
2025-01-01 09:30:03.622,fd60864b,1,Ask,151.15,107
2025-01-01 09:30:03.646,3ea4fffe,3,Ask,150.57,29
2025-01-01 09:30:03.659,c11aed38,1,Ask,151.06,27
2025-01-01 09:30:03.673,6da0b81e,1,Ask,150.98,431
2025-01-01 09:30:03.712,99c86412,1,Ask,151.0,20
2025-01-01 09:30:03.722,581da0b5,1,Ask,150.98,15
2025-01-01 09:30:03.738,30ec3a08,3,Ask,150.57,73
2025-01-01 09:30:03.749,ba99285c,1,Ask,151.02,261
2025-01-01 09:30:03.765,5a3bb3ff,1,Ask,151.06,254
2025-01-01 09:30:03.781,873c9039,1,Ask,151.14,41
2025-01-01 09:30:03.803,bba69e4d,1,Ask,151.02,178
2025-01-01 09:30:03.814,9b781a6e,3,Ask,150.57,101
2025-01-01 09:30:03.825,82714f30,3,Ask,150.57,193
2025-01-01 09:30:03.836,6014b105,1,Ask,151.1,84
2025-01-01 09:30:03.852,9f704ad9,1,Ask,151.01,133
2025-01-01 09:30:03.864,1b491624,3,Ask,150.57,57
2025-01-01 09:30:03.880,63988db9,3,Ask,150.57,19
2025-01-01 09:30:03.892,2cb8afa1,1,Ask,151.13,34
2025-01-01 09:30:03.903,906ed2c6,3,Ask,150.57,76
2025-01-01 09:30:03.916,6950cc9b,1,Ask,151.0,291
2025-01-01 09:30:03.950,977df8ed,1,Ask,151.12,154
2025-01-01 09:30:03.960,a3b05ea3,1,Ask,151.19,54
2025-01-01 09:30:03.970,5b3c6492,3,Ask,150.57,32
2025-01-01 09:30:03.982,898bd697,3,Ask,150.58,18
2025-01-01 09:30:03.993,a5294cf1,2,Ask,151.13,44
2025-01-01 09:30:04.003,f0463aed,2,Ask,150.95,16
2025-01-01 09:30:04.016,5e0e98ac,1,Ask,151.12,127
2025-01-01 09:30:04.028,10338f30,1,Ask,151.04,75
2025-01-01 09:30:04.038,4c8cab1d,3,Ask,150.61,126
2025-01-01 09:30:04.049,65bb5e4e,3,Ask,150.61,46
2025-01-01 09:30:04.059,a8fbab5f,3,Ask,150.62,57
2025-01-01 09:30:04.073,97d9eebc,3,Ask,150.62,44
2025-01-01 09:30:04.083,586fac19,3,Ask,150.62,135
2025-01-01 09:30:04.095,55ec8417,3,Ask,150.62,24
2025-01-01 09:30:04.106,9076d6fc,1,Ask,151.08,193
2025-01-01 09:30:04.118,3e4c2502,3,Ask,150.62,178
2025-01-01 09:30:04.132,33651bee,2,Ask,151.13,175
2025-01-01 09:30:04.144,f46e00db,2,Ask,150.77,193
2025-01-01 09:30:04.157,642df407,3,Ask,150.62,37
2025-01-01 09:30:04.170,47ae420e,3,Ask,150.62,36
2025-01-01 09:30:04.185,305b6b92,1,Ask,151.16,105
2025-01-01 09:30:04.211,2872d986,1,Ask,151.16,559
2025-01-01 09:30:04.224,89f7b029,1,Ask,151.12,82
2025-01-01 09:30:04.235,4d1b96e9,3,Ask,150.62,27
2025-01-01 09:30:04.247,144ded60,3,Ask,150.62,65
2025-01-01 09:30:04.274,213cc1bb,1,Ask,151.21,121
2025-01-01 09:30:04.287,b43b22d8,1,Ask,151.22,16
2025-01-01 09:30:04.297,99a687cd,1,Ask,151.16,59
2025-01-01 09:30:04.309,ef8e379a,3,Ask,150.65,60
2025-01-01 09:30:04.333,d1408abd,2,Ask,151.33,49
2025-01-01 09:30:04.344,331dbf9b,3,Ask,150.66,170
2025-01-01 09:30:04.354,b8a0d790,1,Ask,151.18,44
2025-01-01 09:30:04.364,f7eea7f0,3,Ask,150.67,71
2025-01-01 09:30:04.375,4bd57c1d,3,Ask,150.67,113
2025-01-01 09:30:04.387,483de01e,2,Ask,151.06,139
2025-01-01 09:30:04.397,1848d741,3,Ask,150.67,367
2025-01-01 09:30:04.408,6cfe7c7b,2,Ask,151.14,41
2025-01-01 09:30:04.425,51c7d373,2,Ask,151.06,142
2025-01-01 09:30:04.435,4f1d3111,1,Ask,151.31,15
2025-01-01 09:30:04.458,b62ca777,3,Ask,150.67,6
2025-01-01 09:30:04.470,b492ff4b,3,Ask,150.73,101
2025-01-01 09:30:04.493,94e7a34c,1,Ask,151.3,294
2025-01-01 09:30:04.503,1f7da085,1,Ask,151.21,363
2025-01-01 09:30:04.513,f7fc2199,1,Ask,151.25,22
2025-01-01 09:30:04.532,bcbc02a1,1,Ask,151.24,178
2025-01-01 09:30:04.544,6b1111b1,1,Ask,151.3,39
2025-01-01 09:30:04.556,490df517,2,Ask,150.9,24
2025-01-01 09:30:04.567,8cbdc04e,3,Ask,150.73,48
2025-01-01 09:30:04.579,b39059c9,3,Ask,150.75,30
2025-01-01 09:30:04.605,0f108f85,3,Ask,150.75,82
2025-01-01 09:30:04.615,c1e3f4f3,1,Ask,151.22,151
2025-01-01 09:30:04.628,97782511,3,Ask,150.75,24
2025-01-01 09:30:04.639,1816e435,3,Ask,150.76,20
2025-01-01 09:30:04.649,4cbe44de,1,Ask,151.23,65
2025-01-01 09:30:04.674,3d35468b,3,Ask,150.77,61
2025-01-01 09:30:04.684,cc8187da,1,Ask,151.3,363
2025-01-01 09:30:04.694,f08561c3,2,Ask,150.97,144
2025-01-01 09:30:04.710,ea0e3cb2,3,Ask,150.77,351
2025-01-01 09:30:04.722,37fa334e,3,Ask,150.77,136
2025-01-01 09:30:04.732,dbb60045,1,Ask,151.3,1591
2025-01-01 09:30:04.751,dd467d0b,3,Ask,150.82,225
2025-01-01 09:30:04.762,7d7516b1,1,Ask,151.39,186
2025-01-01 09:30:04.775,f968c9c0,3,Ask,150.82,3
2025-01-01 09:30:04.789,9feb09fa,3,Ask,150.83,191
2025-01-01 09:30:04.799,302d1387,3,Ask,150.9,70
2025-01-01 09:30:04.813,d37717e1,1,Ask,151.39,220
2025-01-01 09:30:04.841,51a60f96,3,Ask,150.9,95
2025-01-01 09:30:04.857,1ca9677b,1,Ask,151.41,64
2025-01-01 09:30:04.882,6ea97e67,1,Ask,151.36,42
2025-01-01 09:30:04.894,d12ba42e,3,Ask,150.9,483
2025-01-01 09:30:04.909,1dd2c338,3,Ask,150.9,9
2025-01-01 09:30:04.924,393d34eb,3,Ask,150.9,273
2025-01-01 09:30:04.934,e665b3f1,3,Ask,150.91,78
2025-01-01 09:30:04.948,35a686ee,3,Ask,150.91,34
2025-01-01 09:30:04.959,13f437e2,3,Ask,150.95,63
2025-01-01 09:30:04.971,1134d6c7,2,Ask,151.22,66
2025-01-01 09:30:04.987,b1ef2f51,3,Ask,150.95,28
2025-01-01 09:30:04.999,84162ed6,1,Ask,151.66,193
2025-01-01 09:30:05.009,c927ca89,2,Ask,151.22,101
2025-01-01 09:30:05.025,24e6b12c,1,Ask,151.46,41
2025-01-01 09:30:05.036,2f250ec8,3,Ask,150.95,21
2025-01-01 09:30:05.046,ff2121c2,3,Ask,150.97,33
2025-01-01 09:30:05.056,e75033f3,3,Ask,150.98,337
2025-01-01 09:30:05.075,28be6575,3,Ask,150.98,162
2025-01-01 09:30:05.088,19d0ada7,1,Ask,151.55,18
2025-01-01 09:30:05.102,5226dcb8,1,Ask,151.52,663
2025-01-01 09:30:05.113,8b27d331,3,Ask,150.99,127
2025-01-01 09:30:05.123,4adccdef,2,Ask,151.55,18
2025-01-01 09:30:05.141,b54d977d,3,Ask,150.99,87
2025-01-01 09:30:05.153,ceb61508,1,Ask,151.69,64
2025-01-01 09:30:05.165,91a8f5e9,1,Ask,151.71,443
2025-01-01 09:30:05.176,d947f3e6,3,Ask,151.0,155
2025-01-01 09:30:05.186,d7a0eeb2,1,Ask,151.61,92
2025-01-01 09:30:05.196,b8a85e85,1,Ask,151.62,91
2025-01-01 09:30:05.207,3eff7d2b,1,Ask,151.61,186
2025-01-01 09:30:05.229,9befa9d8,1,Ask,151.58,133
2025-01-01 09:30:05.240,2fcde52e,3,Ask,151.0,156
2025-01-01 09:30:05.250,c42cda7d,1,Ask,151.66,54
2025-01-01 09:30:05.261,2c17e210,1,Ask,151.61,524
2025-01-01 09:30:05.272,bc946457,1,Ask,151.61,433
2025-01-01 09:30:05.282,31fcfa7e,1,Ask,151.64,312
2025-01-01 09:30:05.292,a839f6df,2,Ask,151.13,180
2025-01-01 09:30:05.305,870e4b63,1,Ask,151.62,515
2025-01-01 09:30:05.317,361126f6,3,Ask,151.01,296
2025-01-01 09:30:05.331,6f30f539,3,Ask,151.02,49
2025-01-01 09:30:05.350,95ab22b5,1,Ask,151.62,98
2025-01-01 09:30:05.368,75797b4c,1,Ask,151.62,478
2025-01-01 09:30:05.385,d81d4b2d,3,Ask,151.02,50
2025-01-01 09:30:05.395,0e4dce34,1,Ask,151.79,35
2025-01-01 09:30:05.418,e30948c0,1,Ask,151.61,148
2025-01-01 09:30:05.428,5ec54aeb,1,Ask,151.65,149
2025-01-01 09:30:05.440,1911f2a7,1,Ask,151.65,31
2025-01-01 09:30:05.450,77700aa6,1,Ask,151.71,363
2025-01-01 09:30:05.473,c877a7b5,2,Ask,151.15,107
2025-01-01 09:30:05.498,08c1aad9,1,Ask,151.67,97
2025-01-01 09:30:05.508,142f715a,3,Ask,151.02,277
2025-01-01 09:30:05.519,9d17b371,2,Ask,151.13,147
2025-01-01 09:30:05.536,40e0c7c0,3,Ask,151.02,63
2025-01-01 09:30:05.556,02daad49,3,Ask,151.04,58
2025-01-01 09:30:05.566,95d96a5a,1,Ask,151.78,178
2025-01-01 09:30:05.578,cda0a6a4,3,Ask,151.04,17
2025-01-01 09:30:05.588,646f7b9f,1,Ask,151.79,101
2025-01-01 09:30:05.601,851e5761,2,Ask,151.08,193
2025-01-01 09:30:05.614,b5256fbf,3,Ask,151.05,17
2025-01-01 09:30:05.631,f64ffae3,2,Ask,151.39,406
2025-01-01 09:30:05.641,d9fb9854,3,Ask,151.1,65
2025-01-01 09:30:05.651,2d206f87,1,Ask,151.67,21
2025-01-01 09:30:05.662,b0bb3ca5,1,Ask,151.72,685
2025-01-01 09:30:05.673,57f63b9c,3,Ask,151.1,19
2025-01-01 09:30:05.697,f72150df,2,Ask,151.21,35
2025-01-01 09:30:05.711,8f625741,3,Ask,151.12,363
2025-01-01 09:30:05.730,677cb9da,3,Ask,151.13,23
2025-01-01 09:30:05.746,4a12d3b7,3,Ask,151.13,210
2025-01-01 09:30:05.758,dfabc4e1,3,Ask,151.16,10
2025-01-01 09:30:05.769,9b066205,3,Ask,151.16,212
2025-01-01 09:30:05.783,2b652bf5,2,Ask,151.62,44
2025-01-01 09:30:05.793,afd23228,2,Ask,151.21,266
2025-01-01 09:30:05.805,0c9dd441,1,Ask,151.85,277
2025-01-01 09:30:05.816,16dd17ae,1,Ask,151.87,172
2025-01-01 09:30:05.833,269fc2b5,1,Ask,151.81,623
2025-01-01 09:30:05.847,b072e523,1,Ask,151.84,50
2025-01-01 09:30:05.860,4c3e3e4f,1,Ask,151.87,324
2025-01-01 09:30:05.873,ace4bc88,1,Ask,151.79,47
2025-01-01 09:30:05.888,03225a1c,1,Ask,151.95,152
2025-01-01 09:30:05.898,ef11b897,3,Ask,151.16,8
2025-01-01 09:30:05.909,39f66779,2,Ask,151.69,64
2025-01-01 09:30:05.919,464737ca,1,Ask,151.81,50
2025-01-01 09:30:05.929,0b1eea71,1,Ask,151.92,112
2025-01-01 09:30:05.940,39c38772,2,Ask,151.71,91
2025-01-01 09:30:05.954,9db0f818,3,Ask,151.16,414
2025-01-01 09:30:05.968,e1b6cc51,3,Ask,151.16,79
2025-01-01 09:30:05.980,7b57b95f,3,Ask,151.18,44
2025-01-01 09:30:06.009,b8dbecc5,1,Ask,151.9,288
2025-01-01 09:30:06.026,47c06d44,3,Ask,151.19,54
2025-01-01 09:30:06.040,4603d843,2,Ask,151.3,149
2025-01-01 09:30:06.054,fb48c6b4,2,Ask,151.85,43
2025-01-01 09:30:06.070,30720806,1,Ask,151.96,297
2025-01-01 09:30:06.085,96760df0,1,Ask,151.92,41
2025-01-01 09:30:06.097,b266ff0f,3,Ask,151.21,183
2025-01-01 09:30:06.108,2955bf30,2,Ask,151.79,62
2025-01-01 09:30:06.118,af462b19,1,Ask,151.94,118
2025-01-01 09:30:06.128,a3bbab08,1,Ask,151.97,123
2025-01-01 09:30:06.142,643b2ebc,3,Ask,151.23,65
2025-01-01 09:30:06.152,5851d41e,2,Ask,151.94,31
2025-01-01 09:30:06.163,81b10d11,1,Ask,151.92,255
2025-01-01 09:30:06.182,2b794530,1,Ask,151.88,36
2025-01-01 09:30:06.193,6ac3acd0,1,Ask,151.93,114
2025-01-01 09:30:06.214,abced37d,3,Ask,151.24,51
2025-01-01 09:30:06.232,383aab90,1,Ask,151.96,172
2025-01-01 09:30:06.255,d1728027,1,Ask,151.93,51
2025-01-01 09:30:06.266,f144a9f9,1,Ask,151.9,171
2025-01-01 09:30:06.277,96371897,3,Ask,151.24,127
2025-01-01 09:30:06.299,175f934b,1,Ask,152.04,151
2025-01-01 09:30:06.310,db7be9a5,3,Ask,151.25,22
2025-01-01 09:30:06.324,d99f64c9,2,Ask,151.61,53
2025-01-01 09:30:06.335,33f8404d,1,Ask,151.96,104
2025-01-01 09:30:06.345,de93fa78,1,Ask,152.0,22
2025-01-01 09:30:06.355,b49f12d7,3,Ask,151.3,69
2025-01-01 09:30:06.365,ccc1b456,1,Ask,152.01,27
2025-01-01 09:30:06.379,099042f4,1,Ask,151.95,301
2025-01-01 09:30:06.389,6229f21a,1,Ask,151.95,94
2025-01-01 09:30:06.400,434ae93c,1,Ask,152.0,933
2025-01-01 09:30:06.416,95dbaa7c,1,Ask,151.95,40
2025-01-01 09:30:06.426,319150ce,3,Ask,151.3,238
2025-01-01 09:30:06.438,641bd9ef,3,Ask,151.3,42
2025-01-01 09:30:06.451,18ba81ee,1,Ask,152.0,239
2025-01-01 09:30:06.466,46871068,3,Ask,151.3,52
2025-01-01 09:30:06.478,2325e4bd,1,Ask,152.03,501
2025-01-01 09:30:06.489,1eb85fd2,1,Ask,151.99,72
2025-01-01 09:30:06.499,20bd9e90,3,Ask,151.3,46
2025-01-01 09:30:06.511,7b72838f,1,Ask,152.03,25
2025-01-01 09:30:06.538,becb2387,3,Ask,151.3,174
2025-01-01 09:30:06.553,2b544b09,1,Ask,152.02,786
2025-01-01 09:30:06.578,45c520f7,3,Ask,151.3,36
2025-01-01 09:30:06.591,99d3898c,1,Ask,152.19,85
2025-01-01 09:30:06.601,64400c87,1,Ask,152.07,217
2025-01-01 09:30:06.616,bfba9cd5,3,Ask,151.3,96
2025-01-01 09:30:06.627,97935f6f,3,Ask,151.3,33
2025-01-01 09:30:06.639,1e63ba9e,1,Ask,152.06,129
2025-01-01 09:30:06.650,190df42d,2,Ask,151.95,44
2025-01-01 09:30:06.660,f7bd3f98,3,Ask,151.3,94
2025-01-01 09:30:06.670,5c25a398,2,Ask,151.97,123
2025-01-01 09:30:06.683,d10fadc1,1,Ask,152.0,99
2025-01-01 09:30:06.704,c9f7a778,1,Ask,152.02,654
2025-01-01 09:30:06.723,887c20ca,3,Ask,151.3,34
2025-01-01 09:30:06.736,f95b81ce,1,Ask,152.07,77
2025-01-01 09:30:06.751,c696a3d3,1,Ask,152.04,28
2025-01-01 09:30:06.765,c1331ffe,3,Ask,151.3,21
2025-01-01 09:30:06.780,c764a200,1,Ask,152.07,112
2025-01-01 09:30:06.795,f6ba26be,1,Ask,152.09,37
2025-01-01 09:30:06.809,877a1e7f,1,Ask,152.12,406
2025-01-01 09:30:06.821,c1ca1e9c,1,Ask,152.02,75
2025-01-01 09:30:06.831,65eb44de,3,Ask,151.3,65
2025-01-01 09:30:06.841,a13c939b,1,Ask,152.06,205
2025-01-01 09:30:06.853,30a7713a,1,Ask,152.08,24
2025-01-01 09:30:06.865,d17a91a5,1,Ask,152.09,414
2025-01-01 09:30:06.875,ee6c9e8d,1,Ask,152.12,11
2025-01-01 09:30:06.886,3a58c590,1,Ask,152.07,294
2025-01-01 09:30:06.897,3ad752d6,3,Ask,151.3,127
2025-01-01 09:30:06.913,9736ed96,1,Ask,152.35,78
2025-01-01 09:30:06.923,7e4ef4b8,3,Ask,151.3,172
2025-01-01 09:30:06.935,0dba9e4f,2,Ask,152.08,24
2025-01-01 09:30:06.949,7b4dae70,1,Ask,152.1,192
2025-01-01 09:30:06.961,cd4280ef,1,Ask,152.13,26
2025-01-01 09:30:06.976,ae81ce48,3,Ask,151.3,160
2025-01-01 09:30:06.990,483adbf6,1,Ask,152.19,85
2025-01-01 09:30:07.000,39fdf278,2,Ask,151.96,176
2025-01-01 09:30:07.010,33f72fa5,1,Ask,152.1,77
2025-01-01 09:30:07.022,696ccd46,3,Ask,151.3,84
2025-01-01 09:30:07.034,4cce60df,3,Ask,151.3,206
2025-01-01 09:30:07.053,ec4e3b15,1,Ask,152.17,120
2025-01-01 09:30:07.065,da2c14e2,3,Ask,151.3,136
2025-01-01 09:30:07.093,3d8c245c,1,Ask,152.16,156
2025-01-01 09:30:07.104,faca3898,3,Ask,151.3,253
2025-01-01 09:30:07.114,84611759,3,Ask,151.31,15
2025-01-01 09:30:07.126,b7436f16,3,Ask,151.36,42
2025-01-01 09:30:07.136,f5e57a3e,1,Ask,152.34,53
2025-01-01 09:30:07.154,19909d61,1,Ask,152.39,341
2025-01-01 09:30:07.165,6eb2f2ba,1,Ask,152.29,76
2025-01-01 09:30:07.182,3d393a36,1,Ask,152.26,52
2025-01-01 09:30:07.192,c2c12ae8,1,Ask,152.26,129
2025-01-01 09:30:07.204,fb061834,3,Ask,151.41,40
2025-01-01 09:30:07.216,ca350b40,3,Ask,151.41,24
2025-01-01 09:30:07.229,d2d30b7a,2,Ask,151.87,14
2025-01-01 09:30:07.239,2987f738,1,Ask,152.28,108
2025-01-01 09:30:07.252,4bc14456,1,Ask,152.35,153
2025-01-01 09:30:07.262,98dba247,2,Ask,152.39,341
2025-01-01 09:30:07.273,44032ded,2,Ask,151.81,95
2025-01-01 09:30:07.285,4e6ab519,3,Ask,151.46,41
2025-01-01 09:30:07.302,64d3f48f,3,Ask,151.52,45
2025-01-01 09:30:07.312,e2b87141,1,Ask,152.27,200
2025-01-01 09:30:07.327,d4c154cc,3,Ask,151.52,128
2025-01-01 09:30:07.373,baf25d8c,1,Ask,152.29,61
2025-01-01 09:30:07.387,d93312b9,3,Ask,151.52,490
2025-01-01 09:30:07.400,132dba6f,3,Ask,151.58,53
2025-01-01 09:30:07.412,e1587148,1,Ask,152.32,16
2025-01-01 09:30:07.426,37a61261,1,Ask,152.35,252
2025-01-01 09:30:07.437,5c12e6cd,1,Ask,152.35,297
2025-01-01 09:30:07.451,7b51c8d7,3,Ask,151.58,15
2025-01-01 09:30:07.461,34fc2434,3,Ask,151.58,65
2025-01-01 09:30:07.483,5e87eb6b,2,Ask,151.85,231
2025-01-01 09:30:07.494,f17125f3,1,Ask,152.36,267
2025-01-01 09:30:07.506,4e9fbd9e,1,Ask,152.36,59
2025-01-01 09:30:07.529,fd1b5a28,2,Ask,152.0,476
2025-01-01 09:30:07.543,99417067,3,Ask,151.61,71
2025-01-01 09:30:07.556,efa2c984,2,Ask,151.61,83
2025-01-01 09:30:07.571,a81b1535,3,Ask,151.61,72
2025-01-01 09:30:07.586,08cb414a,3,Ask,151.61,9
2025-01-01 09:30:07.596,bc852ba6,1,Ask,152.35,70
2025-01-01 09:30:07.608,5bceb6a1,3,Ask,151.61,29
2025-01-01 09:30:07.625,5f2ec2f1,2,Ask,151.95,137
2025-01-01 09:30:07.636,2404c750,3,Ask,151.61,27
2025-01-01 09:30:07.649,e31e83b7,2,Ask,151.78,61
2025-01-01 09:30:07.659,b5d7acf7,3,Ask,151.61,37
2025-01-01 09:30:07.671,c961dda6,3,Ask,151.61,187
2025-01-01 09:30:07.686,ca2b28ab,3,Ask,151.61,79
2025-01-01 09:30:07.698,d93a6118,1,Ask,152.38,1127
2025-01-01 09:30:07.714,39e4e3fe,1,Ask,152.38,124
2025-01-01 09:30:07.728,3042202c,3,Ask,151.61,220
2025-01-01 09:30:07.742,aa667f6f,2,Ask,152.06,300
2025-01-01 09:30:07.752,20ad0d36,3,Ask,151.61,112
2025-01-01 09:30:07.766,3fcccf8b,1,Ask,152.44,13
2025-01-01 09:30:07.779,f0013e15,3,Ask,151.61,102
2025-01-01 09:30:07.793,2f5cafb7,1,Ask,152.53,167
2025-01-01 09:30:07.806,90a95e35,3,Ask,151.61,35
2025-01-01 09:30:07.823,732d681e,3,Ask,151.61,77
2025-01-01 09:30:07.833,37059aee,1,Ask,152.49,44
2025-01-01 09:30:07.849,41a56073,1,Ask,152.45,73
2025-01-01 09:30:07.859,03d4bd26,1,Ask,152.47,28
2025-01-01 09:30:07.870,87312238,2,Ask,152.04,159
2025-01-01 09:30:07.885,15ff498f,1,Ask,152.47,560
2025-01-01 09:30:07.897,e8f27151,1,Ask,152.49,121
2025-01-01 09:30:07.910,d67e9344,2,Ask,151.93,84
2025-01-01 09:30:07.940,278d9f62,1,Ask,152.58,117
2025-01-01 09:30:07.953,98672d14,3,Ask,151.61,96
2025-01-01 09:30:07.967,01e720db,3,Ask,151.61,94
2025-01-01 09:30:07.984,9ac07654,3,Ask,151.62,67
2025-01-01 09:30:07.994,ec852270,3,Ask,151.62,53
2025-01-01 09:30:08.013,13e334fd,3,Ask,151.62,80
2025-01-01 09:30:08.045,f0ab7667,2,Ask,151.67,67
2025-01-01 09:30:08.058,6914398e,1,Ask,152.49,279
2025-01-01 09:30:08.074,68f1b32a,3,Ask,151.62,106
2025-01-01 09:30:08.104,d006d211,3,Ask,151.62,80
2025-01-01 09:30:08.114,6b7ed717,1,Ask,152.67,8
2025-01-01 09:30:08.124,cc1e4b9d,3,Ask,151.62,44
2025-01-01 09:30:08.134,54a30831,1,Ask,152.57,208
2025-01-01 09:30:08.144,5e3ad4f9,3,Ask,151.62,37
2025-01-01 09:30:08.158,405ebe65,2,Ask,152.27,200
2025-01-01 09:30:08.168,4b7247a0,1,Ask,152.57,80
2025-01-01 09:30:08.184,9130c2a7,3,Ask,151.62,17
2025-01-01 09:30:08.200,9dbe1704,3,Ask,151.62,143
2025-01-01 09:30:08.221,4b5a9fd8,1,Ask,152.62,79
2025-01-01 09:30:08.249,61260107,1,Ask,152.61,183
2025-01-01 09:30:08.265,6894c6c1,3,Ask,151.62,140
2025-01-01 09:30:08.276,d32a700a,1,Ask,152.68,97
2025-01-01 09:30:08.290,d50788e5,3,Ask,151.62,177
2025-01-01 09:30:08.306,8aa78d4c,1,Ask,152.67,137
2025-01-01 09:30:08.316,51d024b0,3,Ask,151.62,70
2025-01-01 09:30:08.330,e8cc9971,3,Ask,151.62,124
2025-01-01 09:30:08.343,a13e4cef,1,Ask,152.64,30
2025-01-01 09:30:08.353,668c9da5,1,Ask,152.63,319
2025-01-01 09:30:08.367,948191f0,3,Ask,151.64,92
2025-01-01 09:30:08.377,9cc203fe,1,Ask,152.66,47
2025-01-01 09:30:08.391,ecc31ac4,1,Ask,152.71,64
2025-01-01 09:30:08.420,41e37bc1,1,Ask,152.8,453
2025-01-01 09:30:08.437,b19ab68a,1,Ask,152.68,62
2025-01-01 09:30:08.447,dcfafc6c,1,Ask,152.77,148
2025-01-01 09:30:08.457,54843db9,3,Ask,151.64,220
2025-01-01 09:30:08.470,8717411f,1,Ask,152.7,50
2025-01-01 09:30:08.488,a9bea2c2,1,Ask,152.77,157
2025-01-01 09:30:08.505,95bbef8c,3,Ask,151.65,48
2025-01-01 09:30:08.515,b62352eb,1,Ask,152.79,138
2025-01-01 09:30:08.529,5237cda4,1,Ask,152.73,184
2025-01-01 09:30:08.545,13e4282e,3,Ask,151.65,39
2025-01-01 09:30:08.560,e28cf4cd,1,Ask,152.74,30
2025-01-01 09:30:08.573,b32428d4,1,Ask,152.68,77
2025-01-01 09:30:08.584,f5edd391,3,Ask,151.65,40
2025-01-01 09:30:08.595,770c42f9,1,Ask,152.73,35
2025-01-01 09:30:08.607,464ffb97,2,Ask,151.84,50
2025-01-01 09:30:08.625,19c5e804,1,Ask,152.65,83
2025-01-01 09:30:08.637,e8c4dca5,1,Ask,152.81,11
2025-01-01 09:30:08.664,1b959d2d,2,Ask,151.85,3
2025-01-01 09:30:08.674,add6ecbe,1,Ask,152.67,19
2025-01-01 09:30:08.689,842b721b,2,Ask,152.49,106
2025-01-01 09:30:08.703,5c4e7c74,3,Ask,151.65,50
2025-01-01 09:30:08.714,84345897,1,Ask,152.72,18
2025-01-01 09:30:08.727,2b57401d,3,Ask,151.65,3
2025-01-01 09:30:08.738,a4a870fe,1,Ask,152.69,36
2025-01-01 09:30:08.750,e588fe8c,3,Ask,151.66,169
2025-01-01 09:30:08.766,4641f724,1,Ask,152.99,24
2025-01-01 09:30:08.791,5e4b035b,1,Ask,152.69,101
2025-01-01 09:30:08.805,ef24b8a5,3,Ask,151.66,78
2025-01-01 09:30:08.824,d62e7afd,1,Ask,152.78,296
2025-01-01 09:30:08.838,0c048fd7,3,Ask,151.67,44
2025-01-01 09:30:08.852,b4f6cd30,1,Ask,152.72,59
2025-01-01 09:30:08.863,171d13da,2,Ask,152.0,106
2025-01-01 09:30:08.880,b1e57ade,3,Ask,151.67,7
2025-01-01 09:30:08.890,e59f426f,2,Ask,152.12,127
2025-01-01 09:30:08.904,a11c2eb3,3,Ask,151.71,49
2025-01-01 09:30:08.919,fc14e679,3,Ask,151.71,84
2025-01-01 09:30:08.930,1e1ca08c,1,Ask,152.74,17
2025-01-01 09:30:08.941,b8e3a19f,3,Ask,151.71,282
2025-01-01 09:30:08.951,c5597253,3,Ask,151.71,300
2025-01-01 09:30:08.967,76b23531,1,Ask,152.79,199
2025-01-01 09:30:08.982,4a350f37,3,Ask,151.72,73
2025-01-01 09:30:08.993,f3386168,1,Ask,152.79,143
2025-01-01 09:30:09.007,a6c26b74,2,Ask,152.16,156
2025-01-01 09:30:09.017,7d7f754e,3,Ask,151.72,4
2025-01-01 09:30:09.029,019a38c6,1,Ask,152.82,516
2025-01-01 09:30:09.042,bf7435ff,3,Ask,151.72,8
2025-01-01 09:30:09.055,d7587fe3,3,Ask,151.72,74
2025-01-01 09:30:09.066,89f795c6,3,Ask,151.72,127
2025-01-01 09:30:09.080,cc0a5c10,1,Ask,152.82,139
2025-01-01 09:30:09.094,86649c31,1,Ask,152.82,120
2025-01-01 09:30:09.111,567d3629,1,Ask,152.83,65
2025-01-01 09:30:09.130,2a880351,1,Ask,152.8,33
2025-01-01 09:30:09.142,b1cd8e86,3,Ask,151.72,49
2025-01-01 09:30:09.152,d11c7471,3,Ask,151.72,4
2025-01-01 09:30:09.165,6d95d2dc,1,Ask,152.85,98
2025-01-01 09:30:09.178,e32cf680,1,Ask,153.04,269
2025-01-01 09:30:09.191,caa72a7d,3,Ask,151.72,53
2025-01-01 09:30:09.205,58733c6e,2,Ask,152.13,26
2025-01-01 09:30:09.220,01d989f7,3,Ask,151.72,64
2025-01-01 09:30:09.230,5f095272,3,Ask,151.72,39
2025-01-01 09:30:09.241,73b8ad7a,3,Ask,151.72,27
2025-01-01 09:30:09.252,b92960dd,1,Ask,152.91,47
2025-01-01 09:30:09.262,ee34f981,1,Ask,152.87,61
2025-01-01 09:30:09.276,a1ea42f9,3,Ask,151.72,44
2025-01-01 09:30:09.287,a113fb69,1,Ask,152.85,238
2025-01-01 09:30:09.297,ec06d8b0,2,Ask,152.26,128
2025-01-01 09:30:09.308,713172bf,1,Ask,152.93,85
2025-01-01 09:30:09.333,883782c6,1,Ask,152.84,225
2025-01-01 09:30:09.343,e86c09dc,2,Ask,152.63,128
2025-01-01 09:30:09.355,3e226f59,3,Ask,151.72,119
2025-01-01 09:30:09.376,db98f46e,3,Ask,151.78,57
2025-01-01 09:30:09.386,6a58ad20,3,Ask,151.78,37
2025-01-01 09:30:09.401,c9ed6fd8,3,Ask,151.78,23
2025-01-01 09:30:09.413,f245f0a1,2,Ask,152.09,341
2025-01-01 09:30:09.424,c1e03683,1,Ask,152.87,101
2025-01-01 09:30:09.435,3c18271f,1,Ask,152.9,41
2025-01-01 09:30:09.451,edc278ba,3,Ask,151.79,121
2025-01-01 09:30:09.467,e7579846,1,Ask,152.88,56
2025-01-01 09:30:09.479,de1696e0,3,Ask,151.81,9
2025-01-01 09:30:09.499,c5a96fb9,1,Ask,152.93,55
2025-01-01 09:30:09.512,cd554d9e,3,Ask,151.81,26
2025-01-01 09:30:09.523,8ea9e73c,3,Ask,151.81,332
2025-01-01 09:30:09.538,91681805,3,Ask,151.81,211
2025-01-01 09:30:09.554,4cde7851,1,Ask,152.94,17
2025-01-01 09:30:09.569,523e71a6,2,Ask,152.1,20
2025-01-01 09:30:09.579,2c63d333,1,Ask,152.92,40
2025-01-01 09:30:09.595,ca985deb,1,Ask,152.94,35
2025-01-01 09:30:09.605,b0678da3,1,Ask,152.91,131
2025-01-01 09:30:09.620,90aaa82a,3,Ask,151.87,325
2025-01-01 09:30:09.635,83ce7c7d,1,Ask,152.99,184
2025-01-01 09:30:09.648,c543d199,1,Ask,152.96,821
2025-01-01 09:30:09.660,a5140cc8,1,Ask,152.97,164
2025-01-01 09:30:09.677,97f95886,2,Ask,152.07,264
2025-01-01 09:30:09.691,702b9726,1,Ask,152.96,307
2025-01-01 09:30:09.710,34800c8a,1,Ask,153.08,564
2025-01-01 09:30:09.727,b41e1bd1,3,Ask,151.87,144
2025-01-01 09:30:09.748,33f5bd3d,3,Ask,151.87,13
2025-01-01 09:30:09.759,1238d080,2,Ask,152.58,117
2025-01-01 09:30:09.770,bf664626,1,Ask,152.92,187
2025-01-01 09:30:09.781,461047d1,1,Ask,153.01,71
2025-01-01 09:30:09.791,a6f28769,1,Ask,153.08,115
2025-01-01 09:30:09.807,dfd90138,1,Ask,152.97,668
2025-01-01 09:30:09.826,a2935673,1,Ask,152.96,93
2025-01-01 09:30:09.840,29c536b2,3,Ask,151.88,36
2025-01-01 09:30:09.852,87a8649f,3,Ask,151.9,19
2025-01-01 09:30:09.864,1da07486,3,Ask,151.9,440
2025-01-01 09:30:09.883,952c2e0e,3,Ask,151.92,298
2025-01-01 09:30:09.897,efa75325,2,Ask,152.04,20
2025-01-01 09:30:09.909,c385de86,3,Ask,151.92,110
2025-01-01 09:30:09.919,1f7aeb96,1,Ask,153.06,11
2025-01-01 09:30:09.931,04e245be,1,Ask,153.04,152
2025-01-01 09:30:09.941,84efa42c,1,Ask,153.04,107
2025-01-01 09:30:09.951,ff3d5050,1,Ask,153.09,143
2025-01-01 09:30:09.962,45ad8e92,2,Ask,152.29,75
2025-01-01 09:30:09.983,4f783158,3,Ask,151.93,50
2025-01-01 09:30:09.993,4f214ce6,2,Ask,152.57,37
2025-01-01 09:30:10.008,5b3b1f3e,2,Ask,152.53,26
2025-01-01 09:30:10.018,5c33b4df,3,Ask,151.93,31
2025-01-01 09:30:10.035,59a74819,3,Ask,151.94,87
2025-01-01 09:30:10.049,b3944a65,1,Ask,153.08,221
2025-01-01 09:30:10.062,aa83911b,3,Ask,151.95,24
2025-01-01 09:30:10.073,56f4aa63,3,Ask,151.95,130
2025-01-01 09:30:10.085,27401442,3,Ask,151.95,151
2025-01-01 09:30:10.095,9f8b68e4,3,Ask,151.95,101
2025-01-01 09:30:10.108,fdedaede,1,Ask,153.15,92
2025-01-01 09:30:10.124,dfd52ff8,1,Ask,153.14,53
2025-01-01 09:30:10.134,8a1175fc,3,Ask,151.96,15
2025-01-01 09:30:10.149,d2f602a5,1,Ask,153.12,38
2025-01-01 09:30:10.160,d30ccd3d,3,Ask,151.96,92
2025-01-01 09:30:10.171,688799b1,3,Ask,151.96,111
2025-01-01 09:30:10.193,0fc15358,3,Ask,151.96,107
2025-01-01 09:30:10.203,d17d8125,1,Ask,153.18,30
2025-01-01 09:30:10.214,0bb30358,1,Ask,153.24,209
2025-01-01 09:30:10.226,84fe59d9,1,Ask,153.06,242
2025-01-01 09:30:10.240,15be514c,1,Ask,153.19,105
2025-01-01 09:30:10.256,45798b49,3,Ask,151.96,72
2025-01-01 09:30:10.266,a326afd1,2,Ask,152.62,49
2025-01-01 09:30:10.288,3437b8c8,1,Ask,153.18,79
2025-01-01 09:30:10.315,39eea833,3,Ask,151.99,72
2025-01-01 09:30:10.327,c5071838,3,Ask,152.0,246
2025-01-01 09:30:10.339,eae5f59d,2,Ask,152.68,209
2025-01-01 09:30:10.353,f94b3b42,3,Ask,152.0,51
2025-01-01 09:30:10.366,53238233,3,Ask,152.0,36
2025-01-01 09:30:10.380,b47c8555,1,Ask,153.22,587
2025-01-01 09:30:10.393,33c90108,1,Ask,153.28,95
2025-01-01 09:30:10.406,fda4eb02,2,Ask,152.66,47
2025-01-01 09:30:10.421,8ea9257a,3,Ask,152.0,37
2025-01-01 09:30:10.432,e9b44534,1,Ask,153.26,14
2025-01-01 09:30:10.444,c4ea7c83,3,Ask,152.0,341
2025-01-01 09:30:10.463,bd8b5cbf,3,Ask,152.01,27
2025-01-01 09:30:10.473,7f069d76,1,Ask,153.3,120
2025-01-01 09:30:10.487,155c3224,2,Ask,152.07,165
2025-01-01 09:30:10.500,f0b4d720,1,Ask,153.26,81
2025-01-01 09:30:10.519,07604da0,2,Ask,152.63,60
2025-01-01 09:30:10.533,c36ee275,3,Ask,152.02,57
2025-01-01 09:30:10.545,141e45dc,3,Ask,152.02,107
2025-01-01 09:30:10.570,9444b228,3,Ask,152.02,269
2025-01-01 09:30:10.582,78bc6b97,1,Ask,153.33,76
2025-01-01 09:30:10.595,455a6c0d,3,Ask,152.02,43
2025-01-01 09:30:10.606,aa861d48,3,Ask,152.02,328
2025-01-01 09:30:10.626,ff823fbe,1,Ask,153.38,20
2025-01-01 09:30:10.644,2bf14400,3,Ask,152.02,389
2025-01-01 09:30:10.656,0ef9a83a,3,Ask,152.02,30
2025-01-01 09:30:10.668,e39d7ea9,1,Ask,153.42,984
2025-01-01 09:30:10.682,d5df9591,3,Ask,152.02,55
2025-01-01 09:30:10.695,83c115e1,3,Ask,152.02,237
2025-01-01 09:30:10.714,e0102ebd,3,Ask,152.03,41
2025-01-01 09:30:10.724,f2807ab7,3,Ask,152.03,245
2025-01-01 09:30:10.736,ab606980,2,Ask,152.74,47
2025-01-01 09:30:10.748,23490c6e,2,Ask,152.78,160
2025-01-01 09:30:10.758,715bcf73,1,Ask,153.54,242
2025-01-01 09:30:10.773,34bcfcb5,1,Ask,153.48,674
2025-01-01 09:30:10.785,27b29b57,3,Ask,152.03,58
2025-01-01 09:30:10.799,5f1b1fbc,3,Ask,152.03,10
2025-01-01 09:30:10.812,45b0e01f,1,Ask,153.52,118
2025-01-01 09:30:10.849,305106cc,3,Ask,152.03,66
2025-01-01 09:30:10.860,f165e4b4,3,Ask,152.03,106
2025-01-01 09:30:10.878,816a70e9,1,Ask,153.59,96
2025-01-01 09:30:10.888,dbed2095,1,Ask,153.74,40
2025-01-01 09:30:10.902,42ed6cde,1,Ask,153.62,93
2025-01-01 09:30:10.917,34d21dc2,3,Ask,152.06,34
2025-01-01 09:30:10.931,26f1e011,1,Ask,153.57,26
2025-01-01 09:30:10.942,9b4c510b,2,Ask,152.34,53
2025-01-01 09:30:10.952,d0616d72,3,Ask,152.07,70
2025-01-01 09:30:10.975,5199dcd6,2,Ask,152.73,219
2025-01-01 09:30:10.996,94a8c332,3,Ask,152.07,117
2025-01-01 09:30:11.012,85beaa69,2,Ask,153.54,242
2025-01-01 09:30:11.022,642503c0,2,Ask,152.36,133
2025-01-01 09:30:11.048,933bf43c,1,Ask,153.62,91
2025-01-01 09:30:11.066,1d1136b8,3,Ask,152.07,50
2025-01-01 09:30:11.076,f6062e53,1,Ask,153.58,160
2025-01-01 09:30:11.087,b576079c,1,Ask,153.59,1
2025-01-01 09:30:11.113,e60d83d7,1,Ask,153.62,99
2025-01-01 09:30:11.123,a633283e,1,Ask,153.65,199
2025-01-01 09:30:11.139,f6094cc9,1,Ask,153.6,148
2025-01-01 09:30:11.162,0d6dd0cf,1,Ask,153.67,100
2025-01-01 09:30:11.177,0f6e66bc,1,Ask,153.67,90
2025-01-01 09:30:11.187,54757990,1,Ask,153.53,73
2025-01-01 09:30:11.206,ddae8f55,3,Ask,152.07,34
2025-01-01 09:30:11.233,44b3c959,3,Ask,152.09,110
2025-01-01 09:30:11.246,40c09a55,3,Ask,152.1,249
2025-01-01 09:30:11.259,c3e142a7,3,Ask,152.12,102
2025-01-01 09:30:11.274,00d10cb5,2,Ask,152.32,16
2025-01-01 09:30:11.285,6295286d,2,Ask,152.17,99
2025-01-01 09:30:11.308,007e5e78,1,Ask,153.65,101
2025-01-01 09:30:11.321,dff8049a,1,Ask,153.64,11
2025-01-01 09:30:11.334,ce5b731c,3,Ask,152.12,188
2025-01-01 09:30:11.355,3f81507a,3,Ask,152.17,21
2025-01-01 09:30:11.365,85341d1e,1,Ask,153.7,305
2025-01-01 09:30:11.377,a6fc6af7,3,Ask,152.19,170
2025-01-01 09:30:11.395,c3199044,1,Ask,153.7,521
2025-01-01 09:30:11.406,acb0a2e1,2,Ask,152.92,137
2025-01-01 09:30:11.417,1f0ec745,1,Ask,153.75,21
2025-01-01 09:30:11.427,e5261e80,1,Ask,153.72,48
2025-01-01 09:30:11.437,852ac4d1,3,Ask,152.26,53
2025-01-01 09:30:11.451,99018acc,1,Ask,153.72,305
2025-01-01 09:30:11.462,008ad125,3,Ask,152.28,108
2025-01-01 09:30:11.472,0c62bf15,1,Ask,153.77,155
2025-01-01 09:30:11.482,02cc4513,3,Ask,152.29,62
2025-01-01 09:30:11.495,0f97d1bc,3,Ask,152.35,44
2025-01-01 09:30:11.509,29f51289,3,Ask,152.35,75
2025-01-01 09:30:11.533,7ef14e67,3,Ask,152.35,176
2025-01-01 09:30:11.543,1b99c560,2,Ask,152.45,73
2025-01-01 09:30:11.558,53ef5360,2,Ask,152.49,35
2025-01-01 09:30:11.571,2a7a6d1e,3,Ask,152.35,75
2025-01-01 09:30:11.583,61fd638a,3,Ask,152.35,102
2025-01-01 09:30:11.602,40e5d71e,2,Ask,153.3,69
2025-01-01 09:30:11.615,11710722,2,Ask,153.01,71
2025-01-01 09:30:11.625,1dbd7eec,3,Ask,152.35,77
2025-01-01 09:30:11.651,47e440cc,3,Ask,152.35,157
2025-01-01 09:30:11.666,fef66e01,1,Ask,153.98,42
2025-01-01 09:30:11.676,13d0a23c,3,Ask,152.35,144
2025-01-01 09:30:11.689,2033e5ce,3,Ask,152.36,193
2025-01-01 09:30:11.710,462a1f07,2,Ask,152.71,64
2025-01-01 09:30:11.723,6013791b,3,Ask,152.38,31
2025-01-01 09:30:11.733,6c2e2ddb,1,Ask,153.92,6
2025-01-01 09:30:11.743,2776172d,1,Ask,153.87,10
2025-01-01 09:30:11.753,1f48f3f8,1,Ask,153.95,218
2025-01-01 09:30:11.765,7e12deef,2,Ask,153.24,209
2025-01-01 09:30:11.775,9d1ae512,1,Ask,153.88,154
2025-01-01 09:30:11.792,bb653ec3,3,Ask,152.38,57
2025-01-01 09:30:11.805,55994355,3,Ask,152.38,176
2025-01-01 09:30:11.821,470425a4,2,Ask,152.63,73
2025-01-01 09:30:11.831,49d5ed71,1,Ask,154.02,25
2025-01-01 09:30:11.845,8f830d33,1,Ask,153.91,36
2025-01-01 09:30:11.855,cabfc35b,3,Ask,152.38,41
2025-01-01 09:30:11.869,01193cbc,2,Ask,152.96,18
2025-01-01 09:30:11.880,7d6decc8,2,Ask,152.88,56
2025-01-01 09:30:11.891,25523bfe,3,Ask,152.38,422
2025-01-01 09:30:11.915,0eb5486e,1,Ask,153.97,844
2025-01-01 09:30:11.927,dd92fec4,3,Ask,152.38,58
2025-01-01 09:30:11.941,b2184d0b,2,Ask,152.78,136
2025-01-01 09:30:11.959,3f88ac25,3,Ask,152.38,41
2025-01-01 09:30:11.972,59ced158,3,Ask,152.38,190
2025-01-01 09:30:11.985,520014b2,3,Ask,152.38,108
2025-01-01 09:30:12.002,12b288f6,1,Ask,154.02,11
2025-01-01 09:30:12.012,e72489d1,1,Ask,154.01,50
2025-01-01 09:30:12.022,4d3da8a1,3,Ask,152.38,127
2025-01-01 09:30:12.047,0b56a9f6,3,Ask,152.44,13
2025-01-01 09:30:12.058,03ea91a8,1,Ask,154.02,80
2025-01-01 09:30:12.076,3a47e70d,3,Ask,152.47,64
2025-01-01 09:30:12.086,b8ce40a8,1,Ask,154.02,218
2025-01-01 09:30:12.101,def30aa8,3,Ask,152.47,22
2025-01-01 09:30:12.117,65163fdb,2,Ask,153.87,10
2025-01-01 09:30:12.129,f5e53d6f,1,Ask,154.03,50
2025-01-01 09:30:12.151,06f513f7,3,Ask,152.47,81
2025-01-01 09:30:12.164,4def9023,1,Ask,154.04,133
2025-01-01 09:30:12.178,d6b31db1,3,Ask,152.47,93
2025-01-01 09:30:12.205,f4b18411,1,Ask,154.06,127
2025-01-01 09:30:12.221,8382f43f,3,Ask,152.47,232
2025-01-01 09:30:12.241,226f7769,2,Ask,152.85,336
2025-01-01 09:30:12.253,523368e9,3,Ask,152.47,96
2025-01-01 09:30:12.265,6c0bc5c5,3,Ask,152.49,47
2025-01-01 09:30:12.277,8c52e6e6,3,Ask,152.49,19
2025-01-01 09:30:12.298,d443e85b,2,Ask,153.52,118
2025-01-01 09:30:12.308,21755834,3,Ask,152.49,49
2025-01-01 09:30:12.318,41ca7eeb,2,Ask,154.04,97
2025-01-01 09:30:12.331,d43c8e60,3,Ask,152.49,90
2025-01-01 09:30:12.343,d312e399,3,Ask,152.49,98
2025-01-01 09:30:12.353,ecde4c21,2,Ask,152.72,60
2025-01-01 09:30:12.363,22f449ee,1,Ask,154.1,56
2025-01-01 09:30:12.380,1bcc5028,1,Ask,154.09,161
2025-01-01 09:30:12.390,158f34ed,3,Ask,152.53,92
2025-01-01 09:30:12.414,00554169,1,Ask,154.19,210
2025-01-01 09:30:12.426,56eab204,1,Ask,154.18,31
2025-01-01 09:30:12.444,84133327,3,Ask,152.53,49
2025-01-01 09:30:12.459,15e1caeb,1,Ask,154.18,266
2025-01-01 09:30:12.472,e2849739,2,Ask,153.74,19
2025-01-01 09:30:12.492,ab2937f4,1,Ask,154.09,176
2025-01-01 09:30:12.508,18d13219,3,Ask,152.57,93
2025-01-01 09:30:12.541,0b731a77,1,Ask,154.13,132
2025-01-01 09:30:12.558,077310a8,1,Ask,154.13,117
2025-01-01 09:30:12.572,e9692571,1,Ask,154.12,103
2025-01-01 09:30:12.595,56b78102,1,Ask,154.18,142
2025-01-01 09:30:12.607,255d0026,1,Ask,154.16,473
2025-01-01 09:30:12.619,52d96c45,3,Ask,152.57,158
2025-01-01 09:30:12.635,dbe0c106,3,Ask,152.61,183
2025-01-01 09:30:12.655,a302ae27,1,Ask,154.19,16
2025-01-01 09:30:12.670,ed3349ec,1,Ask,154.17,166
2025-01-01 09:30:12.690,e4cc22b3,3,Ask,152.62,24
2025-01-01 09:30:12.708,e68b0325,1,Ask,154.21,205
2025-01-01 09:30:12.719,81e911e6,2,Ask,153.67,64
2025-01-01 09:30:12.731,6235136a,3,Ask,152.62,6
2025-01-01 09:30:12.743,05a60af8,3,Ask,152.63,58
2025-01-01 09:30:12.764,eeb3ae4e,1,Ask,154.2,262
2025-01-01 09:30:12.774,a550a8cd,3,Ask,152.64,30
2025-01-01 09:30:12.784,15ce9b8b,1,Ask,154.15,413
2025-01-01 09:30:12.797,3c98cc1b,1,Ask,154.2,99
2025-01-01 09:30:12.810,85c99603,3,Ask,152.65,83
2025-01-01 09:30:12.828,ebc08b6d,1,Ask,154.22,212
2025-01-01 09:30:12.845,f44cde0d,1,Ask,154.18,203
2025-01-01 09:30:12.856,fa17d362,3,Ask,152.67,58
2025-01-01 09:30:12.868,0531814a,2,Ask,153.74,21
2025-01-01 09:30:12.880,9253466b,2,Ask,153.09,65
2025-01-01 09:30:12.906,34de3eca,3,Ask,152.67,106
2025-01-01 09:30:12.917,d37864ce,1,Ask,154.24,264
2025-01-01 09:30:12.930,65f55524,3,Ask,152.68,27
2025-01-01 09:30:12.941,a70841e3,2,Ask,153.38,20
2025-01-01 09:30:12.955,8c9ab979,2,Ask,152.77,250
2025-01-01 09:30:12.968,c8608947,1,Ask,154.25,316
2025-01-01 09:30:12.978,aad57295,3,Ask,152.69,72
2025-01-01 09:30:13.000,5b53219b,1,Ask,154.28,540
2025-01-01 09:30:13.014,aede1612,3,Ask,152.69,51
2025-01-01 09:30:13.024,41691a21,1,Ask,154.23,158
2025-01-01 09:30:13.038,c5871638,2,Ask,154.1,28
2025-01-01 09:30:13.049,1b4cb0f5,3,Ask,152.69,14
2025-01-01 09:30:13.060,c4e04818,3,Ask,152.7,50
2025-01-01 09:30:13.070,a7c6b9e5,1,Ask,154.21,146
2025-01-01 09:30:13.084,a8874c3e,1,Ask,154.3,36
2025-01-01 09:30:13.095,4211c60d,3,Ask,152.72,17
2025-01-01 09:30:13.111,e6183284,3,Ask,152.77,55
2025-01-01 09:30:13.126,6ea5c13d,1,Ask,154.27,86
2025-01-01 09:30:13.142,4c8da4d8,1,Ask,154.24,77
2025-01-01 09:30:13.152,d7f76605,3,Ask,152.79,108
2025-01-01 09:30:13.163,de648de2,3,Ask,152.79,35
2025-01-01 09:30:13.175,a33d245e,3,Ask,152.79,226
2025-01-01 09:30:13.185,ca6f82a8,3,Ask,152.79,111
2025-01-01 09:30:13.198,6ca750ea,1,Ask,154.26,76
2025-01-01 09:30:13.214,c93c8e29,1,Ask,154.38,19
2025-01-01 09:30:13.224,0eeac458,3,Ask,152.8,486
2025-01-01 09:30:13.236,c17adffe,3,Ask,152.81,11
2025-01-01 09:30:13.246,5dc9db4d,3,Ask,152.82,60
2025-01-01 09:30:13.258,6857c15a,1,Ask,154.37,26
2025-01-01 09:30:13.274,de8899f7,1,Ask,154.37,448
2025-01-01 09:30:13.293,f4a31910,2,Ask,154.16,128
2025-01-01 09:30:13.307,271cce9b,3,Ask,152.82,24
2025-01-01 09:30:13.322,0729a2c7,1,Ask,154.4,250
2025-01-01 09:30:13.334,7ee6ef86,1,Ask,154.42,55
2025-01-01 09:30:13.353,120a3cec,1,Ask,154.39,88
2025-01-01 09:30:13.368,32256d59,3,Ask,152.82,86
2025-01-01 09:30:13.378,baca0b6a,1,Ask,154.42,566
2025-01-01 09:30:13.390,d12f1bb9,2,Ask,154.28,540
2025-01-01 09:30:13.401,cfd05445,1,Ask,154.42,103
2025-01-01 09:30:13.417,50665761,2,Ask,152.9,41
2025-01-01 09:30:13.438,b45bf323,3,Ask,152.82,33
2025-01-01 09:30:13.451,9e1a605d,3,Ask,152.82,48
2025-01-01 09:30:13.467,1ce523d8,3,Ask,152.82,457
2025-01-01 09:30:13.477,812583f3,1,Ask,154.44,46
2025-01-01 09:30:13.500,3cb83314,1,Ask,154.43,128
2025-01-01 09:30:13.514,56975301,1,Ask,154.49,1044
2025-01-01 09:30:13.528,38f37b30,1,Ask,154.48,25
2025-01-01 09:30:13.544,62a75087,1,Ask,154.42,59
2025-01-01 09:30:13.558,f7d00086,2,Ask,152.83,65
2025-01-01 09:30:13.569,017c4e98,2,Ask,152.94,52
2025-01-01 09:30:13.582,7a1c85cf,1,Ask,154.42,65
2025-01-01 09:30:13.594,d59b3e00,3,Ask,152.82,67
2025-01-01 09:30:13.614,834059fb,3,Ask,152.84,23
2025-01-01 09:30:13.626,50415cf6,2,Ask,154.48,25
2025-01-01 09:30:13.636,ec3feb6d,2,Ask,153.42,221
2025-01-01 09:30:13.647,195f1968,3,Ask,152.84,96
2025-01-01 09:30:13.659,0128ad9c,1,Ask,154.73,42
2025-01-01 09:30:13.670,4395b74d,2,Ask,154.21,48
2025-01-01 09:30:13.696,55a81dcf,1,Ask,154.45,105
2025-01-01 09:30:13.706,8323f67e,1,Ask,154.44,43
2025-01-01 09:30:13.726,596ddfc4,3,Ask,152.84,106
2025-01-01 09:30:13.738,49027f28,1,Ask,154.43,24
2025-01-01 09:30:13.751,3e176556,1,Ask,154.47,82
2025-01-01 09:30:13.768,c4049593,3,Ask,152.87,162
2025-01-01 09:30:13.780,642f52de,1,Ask,154.51,95
2025-01-01 09:30:13.806,5032359a,1,Ask,154.51,80
2025-01-01 09:30:13.816,5174096c,3,Ask,152.91,123
2025-01-01 09:30:13.829,c4148d24,2,Ask,154.15,170
2025-01-01 09:30:13.849,a9930f5a,3,Ask,152.91,29
2025-01-01 09:30:13.873,51000573,3,Ask,152.91,26
2025-01-01 09:30:13.884,09544d5c,3,Ask,152.92,90
2025-01-01 09:30:13.900,727b901d,1,Ask,154.5,20
2025-01-01 09:30:13.912,2988e579,1,Ask,154.57,67
2025-01-01 09:30:13.933,06495745,1,Ask,154.53,336
2025-01-01 09:30:13.945,19d5819c,2,Ask,154.03,50
2025-01-01 09:30:13.955,982718f1,1,Ask,154.5,66
2025-01-01 09:30:13.965,675ca3a8,3,Ask,152.93,140
2025-01-01 09:30:13.981,a548a73c,3,Ask,152.96,131
2025-01-01 09:30:13.992,5d01bd51,3,Ask,152.96,1072
2025-01-01 09:30:14.006,e7e88376,1,Ask,154.74,77
2025-01-01 09:30:14.018,634b1eb4,1,Ask,154.87,104
2025-01-01 09:30:14.031,e9162f5a,1,Ask,154.69,341
2025-01-01 09:30:14.050,e5510b0d,3,Ask,152.97,231
2025-01-01 09:30:14.062,b5f170d8,2,Ask,154.25,316
2025-01-01 09:30:14.086,1ad2fa28,1,Ask,154.7,26
2025-01-01 09:30:14.099,acfff9b7,2,Ask,153.53,73
2025-01-01 09:30:14.109,7e740393,1,Ask,154.78,89
2025-01-01 09:30:14.131,584854c0,2,Ask,154.15,19
2025-01-01 09:30:14.144,a749c3cf,3,Ask,152.97,46
2025-01-01 09:30:14.158,866d7dc9,1,Ask,154.87,46
2025-01-01 09:30:14.176,779ff57b,3,Ask,152.97,248
2025-01-01 09:30:14.188,1aea9364,3,Ask,152.97,184
2025-01-01 09:30:14.201,6989e6f7,1,Ask,154.72,114
2025-01-01 09:30:14.212,6c13fe7c,2,Ask,154.26,76
2025-01-01 09:30:14.224,0a966d89,3,Ask,152.97,70
2025-01-01 09:30:14.243,29fd5904,1,Ask,154.8,107
2025-01-01 09:30:14.264,6f72b046,3,Ask,152.97,53
2025-01-01 09:30:14.285,cd402912,1,Ask,154.8,49
2025-01-01 09:30:14.295,907ca2d2,3,Ask,152.99,171
2025-01-01 09:30:14.306,3f41887a,1,Ask,154.86,104
2025-01-01 09:30:14.316,2861d208,1,Ask,154.84,68
2025-01-01 09:30:14.327,39d41ecf,1,Ask,154.9,45
2025-01-01 09:30:14.349,91718003,1,Ask,154.92,32
2025-01-01 09:30:14.360,5dda1c27,2,Ask,153.18,74
2025-01-01 09:30:14.372,6bf5f3b0,1,Ask,154.88,159
2025-01-01 09:30:14.385,916d1efe,1,Ask,154.79,90
2025-01-01 09:30:14.395,cce2d7bb,1,Ask,154.86,107
2025-01-01 09:30:14.405,0f3da6d1,3,Ask,152.99,37
2025-01-01 09:30:14.415,4edfe880,1,Ask,154.84,158
2025-01-01 09:30:14.432,d78e2dbb,3,Ask,153.04,63
2025-01-01 09:30:14.448,c3ac06fd,1,Ask,154.85,54
2025-01-01 09:30:14.461,886660d0,3,Ask,153.04,79
2025-01-01 09:30:14.478,38db7f65,3,Ask,153.04,57
2025-01-01 09:30:14.488,cb94aa43,2,Ask,153.08,48
2025-01-01 09:30:14.506,294a21e6,1,Ask,154.88,61
2025-01-01 09:30:14.517,adeac6ac,1,Ask,154.91,32
2025-01-01 09:30:14.530,189628d9,1,Ask,155.0,314
2025-01-01 09:30:14.544,76632909,3,Ask,153.04,329
2025-01-01 09:30:14.556,db884c76,3,Ask,153.06,174
2025-01-01 09:30:14.571,ff6f1656,1,Ask,154.92,90
2025-01-01 09:30:14.603,19d798d2,1,Ask,154.97,195
2025-01-01 09:30:14.614,4ec623ab,1,Ask,154.95,64
2025-01-01 09:30:14.626,e8565f4c,1,Ask,155.05,81
2025-01-01 09:30:14.636,427031a9,1,Ask,154.98,45
2025-01-01 09:30:14.653,8efd45a2,3,Ask,153.06,79
2025-01-01 09:30:14.663,bff81a92,3,Ask,153.08,8
2025-01-01 09:30:14.673,7f811529,2,Ask,153.14,40
2025-01-01 09:30:14.686,2e37025f,1,Ask,155.02,127
2025-01-01 09:30:14.699,59a9e66a,2,Ask,154.3,36
2025-01-01 09:30:14.712,49e86fc8,3,Ask,153.08,173
2025-01-01 09:30:14.728,081c85e5,1,Ask,154.97,48
2025-01-01 09:30:14.738,d199a5fc,3,Ask,153.08,111
2025-01-01 09:30:14.759,e388d66a,1,Ask,154.98,297
2025-01-01 09:30:14.769,8675c47c,1,Ask,154.93,214
2025-01-01 09:30:14.782,79f0785f,3,Ask,153.08,142
2025-01-01 09:30:14.797,8746f134,3,Ask,153.08,231
2025-01-01 09:30:14.808,fece02c3,1,Ask,155.01,188
2025-01-01 09:30:14.819,fc2b2988,1,Ask,155.08,112
2025-01-01 09:30:14.835,f415effd,3,Ask,153.08,26
2025-01-01 09:30:14.852,e23ce455,1,Ask,155.03,16
2025-01-01 09:30:14.862,cf2558ac,3,Ask,153.08,15
2025-01-01 09:30:14.874,d8beadfd,3,Ask,153.08,117
2025-01-01 09:30:14.890,b1a5738d,3,Ask,153.08,29
2025-01-01 09:30:14.903,ee5e3439,3,Ask,153.09,78
2025-01-01 09:30:14.914,0f9cb4d4,3,Ask,153.12,38
2025-01-01 09:30:14.927,c44b6026,1,Ask,155.17,55
2025-01-01 09:30:14.941,e28c9a55,3,Ask,153.14,13
2025-01-01 09:30:14.952,e676c4db,1,Ask,155.23,62
2025-01-01 09:30:14.964,5f8e05a5,2,Ask,153.28,52
2025-01-01 09:30:14.975,bc3cb4e8,1,Ask,155.09,57
2025-01-01 09:30:14.985,6052fe42,1,Ask,155.06,98
2025-01-01 09:30:14.997,2baf4dfa,2,Ask,154.21,37
2025-01-01 09:30:15.012,64d55233,1,Ask,155.12,65
2025-01-01 09:30:15.028,8d33fefb,1,Ask,155.08,128
2025-01-01 09:30:15.038,62b5313d,1,Ask,155.17,634
2025-01-01 09:30:15.056,97627a1b,3,Ask,153.15,50
2025-01-01 09:30:15.069,4fb80a39,3,Ask,153.15,42
2025-01-01 09:30:15.079,f5c54dae,1,Ask,155.14,279
2025-01-01 09:30:15.092,a68ca874,2,Ask,154.2,66
2025-01-01 09:30:15.107,52c08625,2,Ask,154.16,157
2025-01-01 09:30:15.136,420e74b1,1,Ask,155.15,4
2025-01-01 09:30:15.150,0db2861e,3,Ask,153.18,35
2025-01-01 09:30:15.161,abf7d681,1,Ask,155.3,292
2025-01-01 09:30:15.172,b7230ddf,1,Ask,155.02,281
2025-01-01 09:30:15.189,26b2f609,3,Ask,153.19,66
2025-01-01 09:30:15.199,5fd05609,1,Ask,155.15,21
2025-01-01 09:30:15.215,ccb3f1a5,3,Ask,153.19,39
2025-01-01 09:30:15.231,1ccd6975,1,Ask,155.11,59
2025-01-01 09:30:15.246,db8628e9,3,Ask,153.22,56
2025-01-01 09:30:15.259,6890fb60,1,Ask,155.16,31
2025-01-01 09:30:15.277,d7536a9e,3,Ask,153.22,12
2025-01-01 09:30:15.294,2183bcac,2,Ask,154.21,74
2025-01-01 09:30:15.314,211d47b9,3,Ask,153.22,294
2025-01-01 09:30:15.330,b888bc70,3,Ask,153.22,8
2025-01-01 09:30:15.343,ecadd181,3,Ask,153.22,120
2025-01-01 09:30:15.354,2e66e798,2,Ask,154.01,14
2025-01-01 09:30:15.364,cb0a01e3,3,Ask,153.22,96
2025-01-01 09:30:15.374,c4629424,1,Ask,155.21,78
2025-01-01 09:30:15.384,56e66ad0,3,Ask,153.22,1
2025-01-01 09:30:15.404,a4ff86af,2,Ask,154.2,181
2025-01-01 09:30:15.421,c7aec3d0,2,Ask,155.14,66
2025-01-01 09:30:15.435,b4d46144,2,Ask,153.57,26
2025-01-01 09:30:15.447,88d70533,3,Ask,153.26,25
2025-01-01 09:30:15.462,f57b743b,1,Ask,155.18,39
2025-01-01 09:30:15.474,8440e019,2,Ask,154.16,159
2025-01-01 09:30:15.484,a0fdb593,1,Ask,155.23,34
2025-01-01 09:30:15.509,b03426a0,3,Ask,153.26,70
2025-01-01 09:30:15.532,59c4d074,1,Ask,155.21,79
2025-01-01 09:30:15.545,f7914700,3,Ask,153.28,43
2025-01-01 09:30:15.560,69fb647e,1,Ask,155.29,67
2025-01-01 09:30:15.576,c7f632b1,2,Ask,154.22,35
2025-01-01 09:30:15.591,7d0ffc4d,3,Ask,153.3,51
2025-01-01 09:30:15.602,39fb4f07,3,Ask,153.33,76
2025-01-01 09:30:15.612,05369f6c,3,Ask,153.42,457
2025-01-01 09:30:15.622,2549eb89,1,Ask,155.26,99
2025-01-01 09:30:15.639,36cd93d1,3,Ask,153.42,80
2025-01-01 09:30:15.653,30e4aac9,3,Ask,153.42,209
2025-01-01 09:30:15.690,88eef432,3,Ask,153.42,17
2025-01-01 09:30:15.701,d36658bd,2,Ask,155.11,59
2025-01-01 09:30:15.715,5431cbf1,1,Ask,155.29,101
2025-01-01 09:30:15.735,809e2894,1,Ask,155.32,297
2025-01-01 09:30:15.753,9cd68f4d,3,Ask,153.48,169
2025-01-01 09:30:15.764,5d17c78d,3,Ask,153.48,358
2025-01-01 09:30:15.775,c13c5938,3,Ask,153.48,86
2025-01-01 09:30:15.789,3a7a4385,2,Ask,154.09,337
2025-01-01 09:30:15.801,261e4358,3,Ask,153.48,61
2025-01-01 09:30:15.812,a1999931,1,Ask,155.38,163
2025-01-01 09:30:15.826,f5a55413,3,Ask,153.58,93
2025-01-01 09:30:15.837,6e359b6a,3,Ask,153.58,24
2025-01-01 09:30:15.847,588f3acd,2,Ask,154.43,152
2025-01-01 09:30:15.857,ecaeac72,2,Ask,155.15,25
2025-01-01 09:30:15.868,8935dd4c,1,Ask,155.43,29
2025-01-01 09:30:15.878,33996dca,2,Ask,155.08,210
2025-01-01 09:30:15.891,5f42b569,1,Ask,155.39,123
2025-01-01 09:30:15.902,24bf3623,2,Ask,153.59,97
2025-01-01 09:30:15.922,12b8371c,3,Ask,153.58,43
2025-01-01 09:30:15.937,618e8409,3,Ask,153.6,123
2025-01-01 09:30:15.960,26ae630d,3,Ask,153.6,25
2025-01-01 09:30:15.983,5d367bed,1,Ask,155.43,53
2025-01-01 09:30:15.994,6e9679aa,3,Ask,153.62,121
2025-01-01 09:30:16.004,9c7966ca,1,Ask,155.51,48
2025-01-01 09:30:16.016,8ae64952,3,Ask,153.62,157
2025-01-01 09:30:16.028,ea13b973,2,Ask,154.91,32
2025-01-01 09:30:16.039,b8686afe,3,Ask,153.62,5
2025-01-01 09:30:16.056,5d456db4,1,Ask,155.65,278
2025-01-01 09:30:16.071,541b0082,3,Ask,153.64,11
2025-01-01 09:30:16.082,91b3188c,1,Ask,155.6,58
2025-01-01 09:30:16.094,7f7f8a4c,1,Ask,155.5,50
2025-01-01 09:30:16.110,c6f71731,1,Ask,155.55,196
2025-01-01 09:30:16.120,70a1d935,3,Ask,153.65,27
2025-01-01 09:30:16.130,ac7eba82,2,Ask,155.01,47
2025-01-01 09:30:16.145,2bc71933,3,Ask,153.65,103
2025-01-01 09:30:16.162,0c77884e,1,Ask,155.5,293
2025-01-01 09:30:16.180,5666c7c1,3,Ask,153.65,90
2025-01-01 09:30:16.206,ad895a44,3,Ask,153.65,80
2025-01-01 09:30:16.220,e708bb1b,3,Ask,153.67,126
2025-01-01 09:30:16.234,f9486fb8,1,Ask,155.8,53
2025-01-01 09:30:16.248,2484bac1,1,Ask,155.53,44
2025-01-01 09:30:16.263,8737d25b,1,Ask,155.53,100
2025-01-01 09:30:16.283,aadf10a3,2,Ask,154.17,166
2025-01-01 09:30:16.299,3d26b747,2,Ask,154.72,114
2025-01-01 09:30:16.310,e4f13fca,3,Ask,153.7,157
2025-01-01 09:30:16.320,3f1ec62f,1,Ask,155.58,126
2025-01-01 09:30:16.332,dd67132c,2,Ask,155.0,66
2025-01-01 09:30:16.346,4e9a17ae,2,Ask,154.22,120
2025-01-01 09:30:16.356,8c6f5ef9,2,Ask,155.01,116
2025-01-01 09:30:16.377,c6932a8d,1,Ask,155.59,128
2025-01-01 09:30:16.391,be684acf,3,Ask,153.7,71
2025-01-01 09:30:16.403,c09ea06a,3,Ask,153.7,37
2025-01-01 09:30:16.420,70c60dc5,1,Ask,155.63,83
2025-01-01 09:30:16.432,33983c10,1,Ask,155.56,478
2025-01-01 09:30:16.450,79cb2ecb,3,Ask,153.7,59
2025-01-01 09:30:16.460,2da97429,1,Ask,155.62,24
2025-01-01 09:30:16.471,be270f3b,1,Ask,155.56,44
2025-01-01 09:30:16.486,2cfcad29,2,Ask,153.98,42
2025-01-01 09:30:16.500,7d0581d5,3,Ask,153.7,80
2025-01-01 09:30:16.525,6fbc2abe,3,Ask,153.7,422
2025-01-01 09:30:16.535,b454b81c,2,Ask,155.39,96
2025-01-01 09:30:16.551,c4a5f5be,1,Ask,155.62,133
2025-01-01 09:30:16.567,e0aff3e8,1,Ask,155.62,46
2025-01-01 09:30:16.579,bc4ce4df,3,Ask,153.72,74
2025-01-01 09:30:16.599,8b4bf470,2,Ask,155.58,126
2025-01-01 09:30:16.614,67e47874,1,Ask,155.67,84
2025-01-01 09:30:16.624,bf7b8595,3,Ask,153.72,279
2025-01-01 09:30:16.636,babb7551,2,Ask,155.16,31
2025-01-01 09:30:16.651,926f10c3,3,Ask,153.75,21
2025-01-01 09:30:16.663,64c1f30c,3,Ask,153.77,155
2025-01-01 09:30:16.678,6e183862,1,Ask,155.75,220
2025-01-01 09:30:16.701,69a29daf,1,Ask,155.66,278
2025-01-01 09:30:16.730,42761061,2,Ask,153.92,6
2025-01-01 09:30:16.745,de7fd502,3,Ask,153.88,123
2025-01-01 09:30:16.768,cee67d89,3,Ask,153.88,31
2025-01-01 09:30:16.779,1a50db69,1,Ask,155.72,403
2025-01-01 09:30:16.790,4beda21e,3,Ask,153.91,36
2025-01-01 09:30:16.810,6224ad15,1,Ask,155.73,77
2025-01-01 09:30:16.821,6b252611,1,Ask,155.71,134
2025-01-01 09:30:16.846,2991c267,2,Ask,155.38,103
2025-01-01 09:30:16.857,5bf72931,1,Ask,155.62,358
2025-01-01 09:30:16.879,9104ed02,3,Ask,153.95,198
2025-01-01 09:30:16.890,13fe9c90,3,Ask,153.95,20
2025-01-01 09:30:16.905,2919f309,1,Ask,155.74,96
2025-01-01 09:30:16.916,e1ffb3d6,1,Ask,155.75,14
2025-01-01 09:30:16.927,a5375bba,3,Ask,153.97,72
2025-01-01 09:30:16.955,93b0f7c8,3,Ask,153.97,133
2025-01-01 09:30:16.966,38acb8a3,3,Ask,153.97,235
2025-01-01 09:30:16.979,31f49453,1,Ask,155.82,885
2025-01-01 09:30:16.989,5bb02523,1,Ask,155.85,35
2025-01-01 09:30:17.003,0372989f,1,Ask,155.78,63
2025-01-01 09:30:17.022,03bf3d14,3,Ask,153.97,34
2025-01-01 09:30:17.032,bf5e7e7a,1,Ask,155.85,103
2025-01-01 09:30:17.045,81c204ba,1,Ask,155.94,341
2025-01-01 09:30:17.060,19e7af4c,1,Ask,155.84,108
2025-01-01 09:30:17.071,5736aa68,1,Ask,156.03,149
2025-01-01 09:30:17.087,0d918397,2,Ask,155.85,26
2025-01-01 09:30:17.100,5d50c10e,1,Ask,155.85,69
2025-01-01 09:30:17.112,c8465a62,2,Ask,154.95,64
2025-01-01 09:30:17.127,ec9aba2d,3,Ask,153.97,30
2025-01-01 09:30:17.146,d74e4865,1,Ask,155.79,52
2025-01-01 09:30:17.159,e8692c23,1,Ask,155.83,55
2025-01-01 09:30:17.170,a079054c,1,Ask,155.83,76
2025-01-01 09:30:17.185,7ea1d1e1,1,Ask,155.79,20
2025-01-01 09:30:17.196,ec317d2a,1,Ask,155.79,183
2025-01-01 09:30:17.206,eeedefdf,2,Ask,154.15,108
2025-01-01 09:30:17.221,60b6ceb8,3,Ask,153.97,191
2025-01-01 09:30:17.237,df8e9c37,1,Ask,155.83,97
2025-01-01 09:30:17.251,c584a63e,3,Ask,153.97,74
2025-01-01 09:30:17.262,e7cf64de,3,Ask,153.97,75
2025-01-01 09:30:17.273,4b006171,3,Ask,154.01,36
2025-01-01 09:30:17.292,3193d412,1,Ask,155.9,109
2025-01-01 09:30:17.303,19723058,3,Ask,154.02,334
2025-01-01 09:30:17.321,df43b497,2,Ask,154.79,90
2025-01-01 09:30:17.344,8161fd7e,1,Ask,155.88,77
2025-01-01 09:30:17.362,492a04b2,1,Ask,155.99,21
2025-01-01 09:30:17.376,b4479669,3,Ask,154.04,11
2025-01-01 09:30:17.398,bea4673e,1,Ask,155.94,336
2025-01-01 09:30:17.409,0692e2c2,3,Ask,154.04,25
2025-01-01 09:30:17.426,83560314,1,Ask,155.94,22
2025-01-01 09:30:17.440,32000aea,3,Ask,154.06,93
2025-01-01 09:30:17.457,bcc0362e,3,Ask,154.06,25
2025-01-01 09:30:17.467,5a18acd0,3,Ask,154.06,9
2025-01-01 09:30:17.477,a77d481e,1,Ask,156.08,70
2025-01-01 09:30:17.512,bd2ae142,1,Ask,155.97,59
2025-01-01 09:30:17.526,731c2afe,1,Ask,155.91,84
2025-01-01 09:30:17.544,335ca88d,2,Ask,155.84,32
2025-01-01 09:30:17.559,588b1fb5,3,Ask,154.1,28
2025-01-01 09:30:17.569,3fe9655d,1,Ask,155.9,169
2025-01-01 09:30:17.585,e8d72b34,1,Ask,155.92,85
2025-01-01 09:30:17.599,8e41b3fe,1,Ask,155.94,691
2025-01-01 09:30:17.612,52bbc0ad,3,Ask,154.12,103
2025-01-01 09:30:17.622,1d1af9a9,3,Ask,154.13,59
2025-01-01 09:30:17.632,e1b30f99,3,Ask,154.13,129
2025-01-01 09:30:17.649,4292e9d1,3,Ask,154.13,61
2025-01-01 09:30:17.665,96953341,1,Ask,155.99,205
2025-01-01 09:30:17.675,f0ea75b7,1,Ask,156.11,824
2025-01-01 09:30:17.687,0f4df8d0,1,Ask,156.14,13
2025-01-01 09:30:17.703,bfa3e9d9,2,Ask,154.92,85
2025-01-01 09:30:17.713,f4a4369c,1,Ask,156.0,184
2025-01-01 09:30:17.728,70aff59a,3,Ask,154.15,74
2025-01-01 09:30:17.743,6945786f,3,Ask,154.15,19
2025-01-01 09:30:17.754,f253960c,1,Ask,156.03,490
2025-01-01 09:30:17.768,21d517ea,1,Ask,156.0,259
2025-01-01 09:30:17.779,08875347,3,Ask,154.15,23
2025-01-01 09:30:17.789,49c1d22b,2,Ask,155.26,99
2025-01-01 09:30:17.799,1676fdc5,3,Ask,154.16,26
2025-01-01 09:30:17.824,9f4df81d,1,Ask,156.02,13
2025-01-01 09:30:17.837,0951e44a,3,Ask,154.16,3
2025-01-01 09:30:17.868,3e32f3f7,3,Ask,154.18,416
2025-01-01 09:30:17.886,c6a636a0,3,Ask,154.18,32
2025-01-01 09:30:17.910,f01beee1,3,Ask,154.18,7
2025-01-01 09:30:17.920,f094eb53,2,Ask,154.69,66
2025-01-01 09:30:17.930,c298eb63,1,Ask,156.1,842
2025-01-01 09:30:17.948,016c988f,2,Ask,154.21,192
2025-01-01 09:30:17.958,a2fecf65,3,Ask,154.18,187
2025-01-01 09:30:17.971,d892c39f,1,Ask,156.16,31
2025-01-01 09:30:17.985,8c750c38,2,Ask,155.79,47
2025-01-01 09:30:17.996,c086784d,1,Ask,156.08,62
2025-01-01 09:30:18.011,ad2b5bdf,3,Ask,154.19,226
2025-01-01 09:30:18.026,f767c531,2,Ask,155.14,213
2025-01-01 09:30:18.036,0a95eb1a,3,Ask,154.2,59
2025-01-01 09:30:18.047,b6bbbedd,1,Ask,156.13,141
2025-01-01 09:30:18.058,df19968b,3,Ask,154.2,55
2025-01-01 09:30:18.072,a19a03d8,3,Ask,154.22,57
2025-01-01 09:30:18.083,1314a824,3,Ask,154.23,25
2025-01-01 09:30:18.095,d43d4f48,3,Ask,154.23,41
2025-01-01 09:30:18.105,a12b856b,1,Ask,156.24,13
2025-01-01 09:30:18.119,661cb56b,1,Ask,156.29,259
2025-01-01 09:30:18.132,ab2ba06d,3,Ask,154.23,67
2025-01-01 09:30:18.145,aeacca81,2,Ask,155.84,76
2025-01-01 09:30:18.156,f3ade311,1,Ask,156.35,110
2025-01-01 09:30:18.172,3e513f19,1,Ask,156.21,536
2025-01-01 09:30:18.185,96257bb2,3,Ask,154.23,25
2025-01-01 09:30:18.199,2cb31556,1,Ask,156.2,122
2025-01-01 09:30:18.213,809658d1,3,Ask,154.24,18
2025-01-01 09:30:18.236,6271c76d,1,Ask,156.34,53
2025-01-01 09:30:18.250,5c327186,1,Ask,156.23,74
2025-01-01 09:30:18.264,d44ae66e,1,Ask,156.19,73
2025-01-01 09:30:18.280,945fd1f9,1,Ask,156.21,95
2025-01-01 09:30:18.298,23da62ef,1,Ask,156.21,362
2025-01-01 09:30:18.316,9fe79cc5,1,Ask,156.23,46
2025-01-01 09:30:18.331,f4dd8660,1,Ask,156.19,720
2025-01-01 09:30:18.354,08be0e59,3,Ask,154.24,47
2025-01-01 09:30:18.368,8b062362,3,Ask,154.24,85
2025-01-01 09:30:18.382,e605c6f9,1,Ask,156.21,28
2025-01-01 09:30:18.396,ae2171fc,1,Ask,156.25,412
2025-01-01 09:30:18.420,e09a26b8,1,Ask,156.23,43
2025-01-01 09:30:18.432,c43357c7,3,Ask,154.24,84
2025-01-01 09:30:18.443,ce07ae13,1,Ask,156.24,99
2025-01-01 09:30:18.472,d8868c04,3,Ask,154.24,99
2025-01-01 09:30:18.485,770bb1ce,3,Ask,154.24,8
2025-01-01 09:30:18.507,b6a11d88,1,Ask,156.31,44
2025-01-01 09:30:18.518,653ddcd0,1,Ask,156.22,9
2025-01-01 09:30:18.537,ad1ca37d,2,Ask,155.6,58
2025-01-01 09:30:18.551,ebd92c83,1,Ask,156.23,116
2025-01-01 09:30:18.567,8255d225,3,Ask,154.27,32
2025-01-01 09:30:18.585,53e52cd2,3,Ask,154.27,54
2025-01-01 09:30:18.595,42b539a7,3,Ask,154.37,64
2025-01-01 09:30:18.605,44030a9c,1,Ask,156.22,1928
2025-01-01 09:30:18.616,4d5bd612,1,Ask,156.31,209
2025-01-01 09:30:18.626,c7e80ff2,1,Ask,156.25,84
2025-01-01 09:30:18.636,c841497e,1,Ask,156.25,245
2025-01-01 09:30:18.650,91157233,1,Ask,156.32,1456
2025-01-01 09:30:18.666,e8cacc5d,3,Ask,154.37,98
2025-01-01 09:30:18.679,eba5ff25,2,Ask,155.94,79
2025-01-01 09:30:18.691,c05dc3bf,2,Ask,156.25,55
2025-01-01 09:30:18.703,5900b6ca,3,Ask,154.37,203
2025-01-01 09:30:18.719,ede49e4b,2,Ask,154.4,46
2025-01-01 09:30:18.729,805e2b80,1,Ask,156.45,66
2025-01-01 09:30:18.745,434ad4a2,1,Ask,156.32,67
2025-01-01 09:30:18.777,03f7685c,1,Ask,156.28,169
2025-01-01 09:30:18.797,9bca7a29,3,Ask,154.37,109
2025-01-01 09:30:18.810,80cb3397,1,Ask,156.28,149
2025-01-01 09:30:18.825,82d7f00c,3,Ask,154.38,19
2025-01-01 09:30:18.842,064f8a2f,3,Ask,154.39,76
2025-01-01 09:30:18.852,fb36646c,3,Ask,154.39,12
2025-01-01 09:30:18.868,f97052c1,1,Ask,156.26,207
2025-01-01 09:30:18.880,4cb808d9,3,Ask,154.4,204
2025-01-01 09:30:18.901,a928fafc,3,Ask,154.42,254
2025-01-01 09:30:18.915,7ce9b0a4,3,Ask,154.42,506
2025-01-01 09:30:18.926,815c3606,1,Ask,156.51,56
2025-01-01 09:30:18.942,786c4bea,3,Ask,154.42,60
2025-01-01 09:30:18.954,383949e4,1,Ask,156.43,83
2025-01-01 09:30:18.964,35aa45f9,3,Ask,154.42,28
2025-01-01 09:30:18.974,f2540540,1,Ask,156.43,62
2025-01-01 09:30:18.984,3a6199c1,1,Ask,156.42,50
2025-01-01 09:30:19.001,c0254b84,3,Ask,154.44,28
2025-01-01 09:30:19.011,9a41c4cd,3,Ask,154.44,13
2025-01-01 09:30:19.025,c1b38404,1,Ask,156.48,380
2025-01-01 09:30:19.038,45d1fd6e,1,Ask,156.42,292
2025-01-01 09:30:19.051,f7d5ad61,3,Ask,154.44,48
2025-01-01 09:30:19.081,f9b4f3d8,3,Ask,154.45,105
2025-01-01 09:30:19.093,9262d6e8,1,Ask,156.43,267
2025-01-01 09:30:19.109,f37cf5cf,2,Ask,154.97,243
2025-01-01 09:30:19.120,a3ec9e7b,1,Ask,156.44,57
2025-01-01 09:30:19.131,7138cb63,3,Ask,154.47,82
2025-01-01 09:30:19.142,8e75284b,3,Ask,154.49,99
2025-01-01 09:30:19.152,0615580f,3,Ask,154.49,57
2025-01-01 09:30:19.173,661e2086,1,Ask,156.5,25
2025-01-01 09:30:19.184,ac80df2c,3,Ask,154.49,888
2025-01-01 09:30:19.194,7d9967ab,1,Ask,156.73,114
2025-01-01 09:30:19.213,cc30cde5,1,Ask,156.66,300
2025-01-01 09:30:19.228,608aa881,1,Ask,156.59,152
2025-01-01 09:30:19.246,814aa151,3,Ask,154.5,46
2025-01-01 09:30:19.257,b21ac8b7,1,Ask,156.54,283
2025-01-01 09:30:19.267,7bb66e0a,1,Ask,156.66,557
2025-01-01 09:30:19.278,781f47b9,3,Ask,154.5,40
2025-01-01 09:30:19.290,57fb77c4,3,Ask,154.51,175
2025-01-01 09:30:19.314,d953ffd3,1,Ask,156.67,43
2025-01-01 09:30:19.333,9561897c,3,Ask,154.53,336
2025-01-01 09:30:19.354,45217eca,3,Ask,154.57,67
2025-01-01 09:30:19.364,fdc0fd2d,1,Ask,156.74,15
2025-01-01 09:30:19.375,2a806c5e,3,Ask,154.69,275
2025-01-01 09:30:19.387,e0b22f99,3,Ask,154.7,26
2025-01-01 09:30:19.398,ea6bb929,3,Ask,154.73,42
2025-01-01 09:30:19.419,e8d2975f,3,Ask,154.74,77
2025-01-01 09:30:19.431,2b92af17,1,Ask,156.72,80
2025-01-01 09:30:19.447,5c846429,1,Ask,156.74,177
2025-01-01 09:30:19.464,f5ee7f35,2,Ask,156.14,13
2025-01-01 09:30:19.481,bf3e2f59,3,Ask,154.78,15
2025-01-01 09:30:19.500,060d87e5,1,Ask,156.76,51
2025-01-01 09:30:19.510,765555a2,2,Ask,154.8,98
2025-01-01 09:30:19.525,44d7a9e4,3,Ask,154.78,74
2025-01-01 09:30:19.541,695d5963,3,Ask,154.8,58
2025-01-01 09:30:19.561,4612e06e,1,Ask,156.75,107
2025-01-01 09:30:19.580,b0feaf4f,1,Ask,156.75,373
2025-01-01 09:30:19.592,1c00e6e4,1,Ask,156.77,175
2025-01-01 09:30:19.603,d86258d4,1,Ask,156.73,15
2025-01-01 09:30:19.626,e3a9036c,1,Ask,156.82,150
2025-01-01 09:30:19.637,447dc3ef,2,Ask,155.53,35
2025-01-01 09:30:19.655,17748e5f,2,Ask,156.1,52
2025-01-01 09:30:19.673,f0f05df1,3,Ask,154.84,35
2025-01-01 09:30:19.683,b6e7a048,1,Ask,156.73,710
2025-01-01 09:30:19.698,640b1662,3,Ask,154.84,143
2025-01-01 09:30:19.708,ec83b3ab,3,Ask,154.84,48
2025-01-01 09:30:19.718,edc5bf84,3,Ask,154.85,54
2025-01-01 09:30:19.730,1dbe11e8,1,Ask,156.72,238
2025-01-01 09:30:19.743,907396be,1,Ask,156.9,77
2025-01-01 09:30:19.753,19a0eb3d,1,Ask,156.78,23
2025-01-01 09:30:19.777,bb564e38,1,Ask,156.77,68
2025-01-01 09:30:19.787,d98e8a89,3,Ask,154.86,6
2025-01-01 09:30:19.798,7d792438,1,Ask,156.81,192
2025-01-01 09:30:19.816,c3e487a3,3,Ask,154.86,205
2025-01-01 09:30:19.827,a520a0b3,3,Ask,154.87,51
2025-01-01 09:30:19.840,83e47a0b,3,Ask,154.87,99
2025-01-01 09:30:19.856,3d6fceb2,1,Ask,156.81,58
2025-01-01 09:30:19.866,15a034e2,3,Ask,154.88,83
2025-01-01 09:30:19.876,0eff0cc8,3,Ask,154.88,106
2025-01-01 09:30:19.898,949e47a0,3,Ask,154.88,31
2025-01-01 09:30:19.920,3ceb3eee,3,Ask,154.9,45
2025-01-01 09:30:19.933,9f1d51d6,2,Ask,155.59,20
2025-01-01 09:30:19.946,5e8dacb7,1,Ask,156.98,806
2025-01-01 09:30:19.957,69f54eb2,1,Ask,156.84,466
2025-01-01 09:30:19.977,21dbde54,2,Ask,156.74,168
2025-01-01 09:30:19.993,3e55d68b,3,Ask,154.92,37
2025-01-01 09:30:20.006,f9ec92d8,1,Ask,156.89,152
2025-01-01 09:30:20.032,e0023b2e,3,Ask,154.93,211
2025-01-01 09:30:20.046,bdc9d121,1,Ask,156.94,148
2025-01-01 09:30:20.057,acac9659,3,Ask,154.93,3
2025-01-01 09:30:20.069,c0e9d237,2,Ask,156.31,60
2025-01-01 09:30:20.079,a6a73c8e,2,Ask,155.02,56
2025-01-01 09:30:20.091,9106644f,2,Ask,155.01,14
2025-01-01 09:30:20.111,aa413f64,3,Ask,154.98,34
2025-01-01 09:30:20.134,7d56a750,1,Ask,156.9,948
2025-01-01 09:30:20.151,bd3cc9a8,1,Ask,157.05,19
2025-01-01 09:30:20.165,2728a08c,2,Ask,155.06,92
2025-01-01 09:30:20.176,143e1ff2,1,Ask,156.85,93
2025-01-01 09:30:20.189,75e09085,1,Ask,156.93,55
2025-01-01 09:30:20.200,6e3ac96a,1,Ask,156.91,213
2025-01-01 09:30:20.210,ca335c91,2,Ask,156.84,40
2025-01-01 09:30:20.221,83f81f27,3,Ask,154.98,60
2025-01-01 09:30:20.232,2c832451,3,Ask,154.98,94
2025-01-01 09:30:20.242,a8ae464f,3,Ask,154.98,23
2025-01-01 09:30:20.255,65c913e9,1,Ask,156.87,242
2025-01-01 09:30:20.271,51a35f9c,1,Ask,157.04,13
2025-01-01 09:30:20.282,f6e45df2,1,Ask,156.88,31
2025-01-01 09:30:20.292,b8b7768b,3,Ask,154.98,86
2025-01-01 09:30:20.303,f07ebfc3,3,Ask,154.98,45
2025-01-01 09:30:20.313,31543da0,1,Ask,156.94,95
2025-01-01 09:30:20.323,06ec5e46,1,Ask,156.89,398
2025-01-01 09:30:20.338,50b1cd65,2,Ask,156.03,169
2025-01-01 09:30:20.353,e508b6cb,3,Ask,155.0,248
2025-01-01 09:30:20.364,b7380fc8,2,Ask,156.9,69
2025-01-01 09:30:20.375,b42600b5,1,Ask,157.06,738
2025-01-01 09:30:20.398,045f5f0d,3,Ask,155.01,11
2025-01-01 09:30:20.411,d9b4f2b2,1,Ask,156.95,58
2025-01-01 09:30:20.437,273ac00f,3,Ask,155.02,284
2025-01-01 09:30:20.453,2dc23af1,1,Ask,156.98,360
2025-01-01 09:30:20.463,5d05bc10,1,Ask,157.14,119
2025-01-01 09:30:20.474,b7c5e84a,3,Ask,155.02,68
2025-01-01 09:30:20.489,6f174f96,1,Ask,157.04,162
2025-01-01 09:30:20.503,090037f2,1,Ask,156.97,349
2025-01-01 09:30:20.520,9187c284,1,Ask,156.98,295
2025-01-01 09:30:20.549,64bdbd69,1,Ask,157.01,171
2025-01-01 09:30:20.559,728e10c6,1,Ask,157.04,25
2025-01-01 09:30:20.570,3a9f1030,1,Ask,157.01,37
2025-01-01 09:30:20.583,d2bdd3ce,3,Ask,155.03,16
2025-01-01 09:30:20.598,72af89c8,3,Ask,155.05,44
2025-01-01 09:30:20.610,2c98f7f2,1,Ask,157.12,98
2025-01-01 09:30:20.632,84d1bc87,3,Ask,155.05,37
2025-01-01 09:30:20.644,a9d3fe93,2,Ask,157.14,63
2025-01-01 09:30:20.666,70de4c4c,3,Ask,155.06,6
2025-01-01 09:30:20.677,1734398e,1,Ask,157.07,146
2025-01-01 09:30:20.690,95f408a3,1,Ask,156.98,68
2025-01-01 09:30:20.703,73d42329,1,Ask,156.95,207
2025-01-01 09:30:20.725,1a22607a,1,Ask,156.94,181
2025-01-01 09:30:20.736,3a7ade72,3,Ask,155.08,30
2025-01-01 09:30:20.756,09a8e8f2,3,Ask,155.09,51
2025-01-01 09:30:20.771,74c7944b,1,Ask,157.0,17
2025-01-01 09:30:20.782,bb5654fc,3,Ask,155.09,6
2025-01-01 09:30:20.808,c3c691b9,3,Ask,155.12,59
2025-01-01 09:30:20.819,60ee682e,1,Ask,156.99,159
2025-01-01 09:30:20.829,36c2f162,1,Ask,157.02,134
2025-01-01 09:30:20.839,98c45c90,2,Ask,155.32,58
2025-01-01 09:30:20.856,9da6a29c,3,Ask,155.12,6
2025-01-01 09:30:20.873,d02f47a1,1,Ask,157.0,104
2025-01-01 09:30:20.898,a5e3eaf0,3,Ask,155.17,15
2025-01-01 09:30:20.911,7bdcca83,3,Ask,155.17,120
2025-01-01 09:30:20.924,1f9c4977,1,Ask,157.04,20
2025-01-01 09:30:20.938,6a12ed38,1,Ask,157.04,385
2025-01-01 09:30:20.950,25588b08,1,Ask,157.09,36
2025-01-01 09:30:20.962,7b42ea82,3,Ask,155.17,316
2025-01-01 09:30:20.972,a44276de,2,Ask,156.97,89
2025-01-01 09:30:20.983,3c0102f8,3,Ask,155.17,35
2025-01-01 09:30:20.993,33570c06,1,Ask,157.03,220
2025-01-01 09:30:21.021,40d37c4a,3,Ask,155.17,203
2025-01-01 09:30:21.034,1efaa5fc,3,Ask,155.18,31
2025-01-01 09:30:21.045,e463b51a,1,Ask,157.23,358
2025-01-01 09:30:21.055,9c2e15f2,3,Ask,155.18,8
2025-01-01 09:30:21.067,cfcc5258,3,Ask,155.21,157
2025-01-01 09:30:21.081,91c4f03d,1,Ask,157.09,155
2025-01-01 09:30:21.104,1c9fa66b,1,Ask,157.1,264
2025-01-01 09:30:21.116,b2146237,1,Ask,157.04,72
2025-01-01 09:30:21.129,f3f78108,1,Ask,157.08,88
2025-01-01 09:30:21.141,0273e93c,1,Ask,157.2,30
2025-01-01 09:30:21.153,b28764db,1,Ask,157.05,101
2025-01-01 09:30:21.166,cd6fdc5a,1,Ask,157.07,350
2025-01-01 09:30:21.176,3993974c,3,Ask,155.23,18
2025-01-01 09:30:21.198,e7d21367,1,Ask,157.11,170
2025-01-01 09:30:21.212,53de9098,3,Ask,155.23,45
2025-01-01 09:30:21.225,791d544a,1,Ask,157.08,202
2025-01-01 09:30:21.239,f7d25ee5,3,Ask,155.23,33
2025-01-01 09:30:21.265,27c97f49,3,Ask,155.29,29
2025-01-01 09:30:21.281,1be4b4f5,1,Ask,157.24,170
2025-01-01 09:30:21.297,7d56f756,3,Ask,155.29,139
2025-01-01 09:30:21.308,a497da37,2,Ask,155.38,60
2025-01-01 09:30:21.332,1816158d,1,Ask,157.11,145
2025-01-01 09:30:21.347,3a672ab8,3,Ask,155.3,120
2025-01-01 09:30:21.357,3a22b923,2,Ask,156.73,603
2025-01-01 09:30:21.368,bc61988f,3,Ask,155.3,79
2025-01-01 09:30:21.382,84030756,2,Ask,155.56,26
2025-01-01 09:30:21.404,bf44c292,1,Ask,157.1,28
2025-01-01 09:30:21.422,217c59da,3,Ask,155.3,93
2025-01-01 09:30:21.445,cbd09f85,3,Ask,155.32,195
2025-01-01 09:30:21.457,205c3a05,1,Ask,157.26,61
2025-01-01 09:30:21.470,8e52f24b,1,Ask,157.15,19
2025-01-01 09:30:21.486,f2ea0c54,2,Ask,156.81,17
2025-01-01 09:30:21.497,7034e240,2,Ask,157.03,39
2025-01-01 09:30:21.508,51c537bd,2,Ask,155.88,56
2025-01-01 09:30:21.519,55f7a593,3,Ask,155.32,44
2025-01-01 09:30:21.530,8ddb909e,1,Ask,157.14,40
2025-01-01 09:30:21.547,94f1ddf4,1,Ask,157.21,168
2025-01-01 09:30:21.564,5cdff271,1,Ask,157.19,33
2025-01-01 09:30:21.581,ad21dd96,3,Ask,155.39,27
2025-01-01 09:30:21.599,1eda3337,1,Ask,157.16,22
2025-01-01 09:30:21.610,3f5a382c,1,Ask,157.22,27
2025-01-01 09:30:21.626,137401a3,3,Ask,155.43,82
2025-01-01 09:30:21.636,289f98e6,3,Ask,155.5,195
2025-01-01 09:30:21.651,4ad99c3a,1,Ask,157.24,69
2025-01-01 09:30:21.666,49e70dee,3,Ask,155.5,39
2025-01-01 09:30:21.678,281160a6,3,Ask,155.5,68
2025-01-01 09:30:21.691,f8d1aa23,1,Ask,157.23,101
2025-01-01 09:30:21.702,82865dd7,1,Ask,157.18,43
2025-01-01 09:30:21.721,cf74a196,1,Ask,157.34,176
2025-01-01 09:30:21.737,0308b131,1,Ask,157.15,208
2025-01-01 09:30:21.749,bf422f3a,1,Ask,157.21,103
2025-01-01 09:30:21.762,baf16827,1,Ask,157.2,108
2025-01-01 09:30:21.772,14d65c9c,3,Ask,155.5,41
2025-01-01 09:30:21.782,296c3140,1,Ask,157.23,107
2025-01-01 09:30:21.792,286abe9d,1,Ask,157.28,105
2025-01-01 09:30:21.814,24764856,3,Ask,155.51,48
2025-01-01 09:30:21.832,a88c8f3f,1,Ask,157.27,280
2025-01-01 09:30:21.843,a8a4521d,1,Ask,157.21,102
2025-01-01 09:30:21.855,35f6e9ca,3,Ask,155.53,109
2025-01-01 09:30:21.874,622ac9cc,3,Ask,155.55,159
2025-01-01 09:30:21.892,a4daed0c,1,Ask,157.27,53
2025-01-01 09:30:21.904,0c3a6e52,3,Ask,155.55,37
2025-01-01 09:30:21.915,664faf51,3,Ask,155.56,83
2025-01-01 09:30:21.928,1287d759,1,Ask,157.33,235
2025-01-01 09:30:21.941,160d1df6,3,Ask,155.56,218
2025-01-01 09:30:21.955,4b4bc871,1,Ask,157.36,100
2025-01-01 09:30:21.966,d94ad0fc,1,Ask,157.37,124
2025-01-01 09:30:21.978,d5ce5e23,3,Ask,155.56,195
2025-01-01 09:30:21.988,acfa4459,1,Ask,157.32,2069
2025-01-01 09:30:22.001,0acc5bed,1,Ask,157.38,290
2025-01-01 09:30:22.011,8bbbddf4,3,Ask,155.59,108
2025-01-01 09:30:22.022,8bbe0811,1,Ask,157.33,132
2025-01-01 09:30:22.041,231f71bc,3,Ask,155.62,93
2025-01-01 09:30:22.053,63f21bfa,3,Ask,155.62,453
2025-01-01 09:30:22.063,a53ed475,1,Ask,157.45,88
2025-01-01 09:30:22.077,6a26cc1e,2,Ask,157.16,22
2025-01-01 09:30:22.089,11aadc76,1,Ask,157.43,40
2025-01-01 09:30:22.101,03787875,3,Ask,155.62,15
2025-01-01 09:30:22.116,b0b1c446,2,Ask,157.14,96
2025-01-01 09:30:22.127,44d47b4c,1,Ask,157.44,85
2025-01-01 09:30:22.145,8acc342c,3,Ask,155.63,62
2025-01-01 09:30:22.166,d94baac5,1,Ask,157.45,114
2025-01-01 09:30:22.176,d496c1d0,3,Ask,155.63,21
2025-01-01 09:30:22.186,17836726,3,Ask,155.65,278
2025-01-01 09:30:22.197,f5e203d9,1,Ask,157.5,414
2025-01-01 09:30:22.207,3b7ac56d,1,Ask,157.56,91
2025-01-01 09:30:22.221,af02aeb0,1,Ask,157.46,78
2025-01-01 09:30:22.235,61dd3f9d,3,Ask,155.66,110
2025-01-01 09:30:22.246,28ab2c4a,1,Ask,157.46,135
2025-01-01 09:30:22.257,1c65c0b1,3,Ask,155.66,168
2025-01-01 09:30:22.268,282b54cc,3,Ask,155.67,72
2025-01-01 09:30:22.280,5b1ab0f9,3,Ask,155.67,12
2025-01-01 09:30:22.290,0946952b,3,Ask,155.71,73
2025-01-01 09:30:22.302,03853ae5,3,Ask,155.71,61
2025-01-01 09:30:22.312,eac91cdc,1,Ask,157.61,316
2025-01-01 09:30:22.325,ff8acf05,2,Ask,157.11,79
2025-01-01 09:30:22.335,9d40a235,1,Ask,157.53,87
2025-01-01 09:30:22.346,7b273b0f,1,Ask,157.52,50
2025-01-01 09:30:22.360,50e55b66,1,Ask,157.54,380
2025-01-01 09:30:22.379,8577c246,1,Ask,157.81,172
2025-01-01 09:30:22.396,06ca7f6e,1,Ask,157.54,369
2025-01-01 09:30:22.409,e3967f30,1,Ask,157.62,148
2025-01-01 09:30:22.428,73869508,3,Ask,155.72,257
2025-01-01 09:30:22.439,721615aa,1,Ask,157.59,20
2025-01-01 09:30:22.451,b4daf5c4,3,Ask,155.72,122
2025-01-01 09:30:22.464,ff7eb4ab,3,Ask,155.72,24
2025-01-01 09:30:22.481,30c7e45d,3,Ask,155.73,41
2025-01-01 09:30:22.492,8743f500,3,Ask,155.73,36
2025-01-01 09:30:22.532,55055e31,1,Ask,157.62,203
2025-01-01 09:30:22.543,f8091c4d,1,Ask,157.54,22
2025-01-01 09:30:22.554,89d59360,1,Ask,157.54,39
2025-01-01 09:30:22.566,ea7654ba,1,Ask,157.69,447
2025-01-01 09:30:22.577,3535c333,1,Ask,157.65,322
2025-01-01 09:30:22.588,8ec67599,3,Ask,155.74,96
2025-01-01 09:30:22.603,058da61f,3,Ask,155.75,119
2025-01-01 09:30:22.615,b80a8e79,2,Ask,157.53,18
2025-01-01 09:30:22.633,b1ff8067,2,Ask,157.81,14
2025-01-01 09:30:22.646,80a7f232,3,Ask,155.75,115
2025-01-01 09:30:22.658,ff79694d,1,Ask,157.63,200
2025-01-01 09:30:22.669,cc101cd0,3,Ask,155.78,63
2025-01-01 09:30:22.683,4d2e15bb,3,Ask,155.79,28
2025-01-01 09:30:22.716,6440bad7,2,Ask,156.91,45
2025-01-01 09:30:22.727,1f8cb097,3,Ask,155.79,178
2025-01-01 09:30:22.749,ed7da91c,2,Ask,157.27,32
2025-01-01 09:30:22.760,20c9f566,3,Ask,155.79,2
2025-01-01 09:30:22.775,8b3d5b4a,1,Ask,157.58,1590
2025-01-01 09:30:22.789,24641b47,1,Ask,157.61,33
2025-01-01 09:30:22.803,6586bd4c,1,Ask,157.66,225
2025-01-01 09:30:22.813,09e5e0e0,1,Ask,157.62,162
2025-01-01 09:30:22.823,bcd024a6,1,Ask,157.66,207
2025-01-01 09:30:22.837,fb761115,1,Ask,157.74,41
2025-01-01 09:30:22.852,81bddac5,1,Ask,157.63,295
2025-01-01 09:30:22.864,739cfbeb,3,Ask,155.8,53
2025-01-01 09:30:22.875,04a076bd,1,Ask,157.68,442
2025-01-01 09:30:22.885,e272590c,3,Ask,155.82,207
2025-01-01 09:30:22.904,77063c53,3,Ask,155.82,63
2025-01-01 09:30:22.923,78f4bce4,1,Ask,157.67,70
2025-01-01 09:30:22.937,07e750ec,3,Ask,155.82,75
2025-01-01 09:30:22.947,a6c55030,3,Ask,155.82,155
2025-01-01 09:30:22.965,23d2343d,1,Ask,157.78,6351
2025-01-01 09:30:22.975,75e73d39,3,Ask,155.82,29
2025-01-01 09:30:22.992,6e78e39b,3,Ask,155.82,53
2025-01-01 09:30:23.021,d6d6fac1,2,Ask,157.68,74
2025-01-01 09:30:23.032,01e0c056,3,Ask,155.82,134
2025-01-01 09:30:23.043,28004f99,3,Ask,155.82,26
2025-01-01 09:30:23.058,62c540e5,1,Ask,157.75,15
2025-01-01 09:30:23.080,5dc215d0,2,Ask,157.18,15
2025-01-01 09:30:23.124,f3edfed0,2,Ask,157.78,5
2025-01-01 09:30:23.143,eb4be5b2,3,Ask,155.82,70
2025-01-01 09:30:23.158,c7a60ed6,3,Ask,155.82,73
2025-01-01 09:30:23.182,345116e3,3,Ask,155.83,25
2025-01-01 09:30:23.193,fd2865e7,3,Ask,155.83,203
2025-01-01 09:30:23.207,128c7371,1,Ask,157.76,42
2025-01-01 09:30:23.217,b94076df,1,Ask,157.89,56
2025-01-01 09:30:23.230,baffad84,3,Ask,155.85,48
2025-01-01 09:30:23.243,b6ebe30b,3,Ask,155.85,133
2025-01-01 09:30:23.254,3dae2c32,2,Ask,157.15,69
2025-01-01 09:30:23.284,9db8c041,1,Ask,157.88,58
2025-01-01 09:30:23.296,e597ef7b,3,Ask,155.88,21
2025-01-01 09:30:23.316,90f8bd2c,1,Ask,157.8,55
2025-01-01 09:30:23.328,daf0faee,2,Ask,156.32,296
2025-01-01 09:30:23.339,be81d888,3,Ask,155.9,141
2025-01-01 09:30:23.351,729c099d,1,Ask,157.86,114
2025-01-01 09:30:23.368,ba1a1f57,1,Ask,157.9,83
2025-01-01 09:30:23.379,ccfacf11,1,Ask,157.96,87
2025-01-01 09:30:23.395,a93b4ac3,3,Ask,155.9,56
2025-01-01 09:30:23.409,b19dca8e,1,Ask,157.85,19
2025-01-01 09:30:23.427,64bd6deb,2,Ask,157.33,167
2025-01-01 09:30:23.437,a18af297,1,Ask,157.84,26
2025-01-01 09:30:23.450,c6f00c6e,2,Ask,157.65,52
2025-01-01 09:30:23.461,9b64dbe2,3,Ask,155.9,81
2025-01-01 09:30:23.476,3cd509a8,3,Ask,155.91,84
2025-01-01 09:30:23.486,5faaa01d,1,Ask,157.87,383
2025-01-01 09:30:23.496,e74964b1,3,Ask,155.92,85
2025-01-01 09:30:23.509,85d9fcbb,3,Ask,155.94,25
2025-01-01 09:30:23.520,69e1d925,2,Ask,157.34,176
2025-01-01 09:30:23.531,947bcb15,3,Ask,155.94,331
2025-01-01 09:30:23.544,fc79fdcc,1,Ask,157.96,112
2025-01-01 09:30:23.554,a40e0ae5,3,Ask,155.94,81
2025-01-01 09:30:23.585,c0747032,1,Ask,157.97,751
2025-01-01 09:30:23.595,cf4bb6cb,1,Ask,157.89,82
2025-01-01 09:30:23.612,f04421b8,1,Ask,157.93,107
2025-01-01 09:30:23.625,1ac784c7,3,Ask,155.94,76
2025-01-01 09:30:23.641,25a51e55,1,Ask,157.92,137
2025-01-01 09:30:23.651,4fb9d2bc,3,Ask,155.94,20
2025-01-01 09:30:23.661,92dcf061,1,Ask,157.93,45
2025-01-01 09:30:23.678,0195ea7b,3,Ask,155.94,778
2025-01-01 09:30:23.688,2c10eb54,2,Ask,157.53,56
2025-01-01 09:30:23.705,4ac4ac6d,1,Ask,158.03,121
2025-01-01 09:30:23.715,a0521aa5,1,Ask,158.07,98
2025-01-01 09:30:23.726,17c40b9c,2,Ask,157.45,82
2025-01-01 09:30:23.748,887df83e,3,Ask,155.97,59
2025-01-01 09:30:23.759,2b103f86,1,Ask,157.98,191
2025-01-01 09:30:23.769,3405de15,2,Ask,157.59,20
2025-01-01 09:30:23.795,1713e24f,3,Ask,155.99,226
2025-01-01 09:30:23.809,f0c3b47f,3,Ask,156.0,27
2025-01-01 09:30:23.827,6b03182d,2,Ask,157.89,132
2025-01-01 09:30:23.837,f8f618a8,2,Ask,156.31,106
2025-01-01 09:30:23.868,aab7b033,2,Ask,156.35,110
2025-01-01 09:30:23.878,72c467b7,1,Ask,158.05,7
2025-01-01 09:30:23.890,8c67ab23,2,Ask,156.94,126
2025-01-01 09:30:23.901,f5baa9db,3,Ask,156.0,70
2025-01-01 09:30:23.918,34749e7f,1,Ask,158.1,196
2025-01-01 09:30:23.930,1f242530,3,Ask,156.0,56
2025-01-01 09:30:23.944,d3947b96,1,Ask,158.04,268
2025-01-01 09:30:23.954,870c129e,1,Ask,158.11,5
2025-01-01 09:30:23.965,5cc747e1,2,Ask,157.75,15
2025-01-01 09:30:23.976,9df4d780,3,Ask,156.0,56
2025-01-01 09:30:23.998,3dce773a,1,Ask,158.1,408
2025-01-01 09:30:24.014,82fc99e5,2,Ask,156.97,62
2025-01-01 09:30:24.026,19171d03,1,Ask,158.17,123
2025-01-01 09:30:24.037,b356aa5d,1,Ask,158.17,109
2025-01-01 09:30:24.055,b8850b30,1,Ask,158.07,174
2025-01-01 09:30:24.067,de29d454,1,Ask,158.19,156
2025-01-01 09:30:24.086,d8ab88a6,1,Ask,158.2,149
2025-01-01 09:30:24.101,c1b464e1,1,Ask,158.09,115
2025-01-01 09:30:24.113,a155ab00,3,Ask,156.0,45
2025-01-01 09:30:24.144,23f0a419,3,Ask,156.0,37
2025-01-01 09:30:24.166,e4f4f71c,1,Ask,158.19,57
2025-01-01 09:30:24.177,6215137a,3,Ask,156.0,48
2025-01-01 09:30:24.190,7c0f119b,1,Ask,158.08,53
2025-01-01 09:30:24.202,83bdc9dc,1,Ask,158.03,18
2025-01-01 09:30:24.216,aa022120,3,Ask,156.0,104
2025-01-01 09:30:24.227,addb3a39,1,Ask,158.17,134
2025-01-01 09:30:24.238,dcb68f91,1,Ask,158.09,940
2025-01-01 09:30:24.249,bdc4da9f,3,Ask,156.02,13
2025-01-01 09:30:24.264,fa94cf7c,3,Ask,156.03,39
2025-01-01 09:30:24.274,287fa0f5,3,Ask,156.03,63
2025-01-01 09:30:24.284,86efb581,1,Ask,158.14,88
2025-01-01 09:30:24.296,cc268f81,3,Ask,156.03,269
2025-01-01 09:30:24.307,758a4af0,1,Ask,158.21,170
2025-01-01 09:30:24.318,f4eab71e,1,Ask,158.31,65
2025-01-01 09:30:24.332,ba9ec38a,1,Ask,158.2,41
2025-01-01 09:30:24.343,2242e3f8,1,Ask,158.23,102
2025-01-01 09:30:24.355,8862e9a0,1,Ask,158.17,110
2025-01-01 09:30:24.374,45a53cc8,3,Ask,156.03,55
2025-01-01 09:30:24.388,862a125a,3,Ask,156.03,12
2025-01-01 09:30:24.402,73c01318,3,Ask,156.03,32
2025-01-01 09:30:24.413,89f47d9a,1,Ask,158.18,144
2025-01-01 09:30:24.428,08dc7fdb,1,Ask,158.16,29
2025-01-01 09:30:24.444,75451f6c,2,Ask,158.19,43
2025-01-01 09:30:24.460,750e43c1,1,Ask,158.14,69
2025-01-01 09:30:24.473,531c8361,1,Ask,158.24,687
2025-01-01 09:30:24.490,26128946,1,Ask,158.16,25
2025-01-01 09:30:24.502,f227b7da,1,Ask,158.13,221
2025-01-01 09:30:24.512,c1737670,3,Ask,156.08,30
2025-01-01 09:30:24.524,2bccab0c,2,Ask,156.73,147
2025-01-01 09:30:24.536,3b8e2e1d,3,Ask,156.08,102
2025-01-01 09:30:24.550,f2a98844,1,Ask,158.24,39
2025-01-01 09:30:24.561,9d9f2058,1,Ask,158.23,233
2025-01-01 09:30:24.571,ebd042e4,3,Ask,156.1,326
2025-01-01 09:30:24.583,acfd2d1d,3,Ask,156.1,76
2025-01-01 09:30:24.596,20e38b1e,3,Ask,156.1,196
2025-01-01 09:30:24.610,103ba710,1,Ask,158.25,50
2025-01-01 09:30:24.628,c65d3b89,3,Ask,156.1,70
2025-01-01 09:30:24.646,ef74f1ce,1,Ask,158.37,51
2025-01-01 09:30:24.659,ef412642,3,Ask,156.1,83
2025-01-01 09:30:24.669,4b0bc751,3,Ask,156.1,39
2025-01-01 09:30:24.685,572a5bef,2,Ask,156.99,26
2025-01-01 09:30:24.709,c2fdfb57,3,Ask,156.11,41
2025-01-01 09:30:24.733,2795f62c,3,Ask,156.11,188
2025-01-01 09:30:24.765,abbc7b21,3,Ask,156.11,91
2025-01-01 09:30:24.780,28e8801c,3,Ask,156.11,102
2025-01-01 09:30:24.790,4369841b,1,Ask,158.3,60
2025-01-01 09:30:24.801,709d3464,1,Ask,158.43,253
2025-01-01 09:30:24.821,e98d37bc,1,Ask,158.32,55
2025-01-01 09:30:24.832,40fa90ba,3,Ask,156.11,105
2025-01-01 09:30:24.848,d527d6df,3,Ask,156.11,76
2025-01-01 09:30:24.866,17d70f14,2,Ask,157.69,225
2025-01-01 09:30:24.876,74d122c5,3,Ask,156.11,221
2025-01-01 09:30:24.887,585979d8,1,Ask,158.37,158
2025-01-01 09:30:24.899,6ae3d123,3,Ask,156.13,141
2025-01-01 09:30:24.909,6f0faa0c,1,Ask,158.4,5
2025-01-01 09:30:24.930,a799ef6f,1,Ask,158.33,47
2025-01-01 09:30:24.946,914707cc,3,Ask,156.16,31
2025-01-01 09:30:24.957,5b1944d5,1,Ask,158.43,106
2025-01-01 09:30:24.974,de97b83d,3,Ask,156.19,151
2025-01-01 09:30:24.984,bd8e5f34,3,Ask,156.19,173
2025-01-01 09:30:24.994,a445102e,1,Ask,158.45,54
2025-01-01 09:30:25.004,18536431,1,Ask,158.37,33
2025-01-01 09:30:25.014,fd781647,1,Ask,158.49,1860
2025-01-01 09:30:25.031,d047eaa0,1,Ask,158.41,131
2025-01-01 09:30:25.048,5db6afb3,1,Ask,158.47,70
2025-01-01 09:30:25.066,a5bd2f83,1,Ask,158.47,180
2025-01-01 09:30:25.076,6f80e62d,3,Ask,156.19,235
2025-01-01 09:30:25.094,7f75145a,2,Ask,157.06,64
2025-01-01 09:30:25.110,4cd00a14,3,Ask,156.19,34
2025-01-01 09:30:25.123,fa593ad4,1,Ask,158.41,113
2025-01-01 09:30:25.138,60fd82d2,3,Ask,156.19,196
2025-01-01 09:30:25.153,eac1bef7,3,Ask,156.19,4
2025-01-01 09:30:25.167,4a4446cd,1,Ask,158.39,1349
2025-01-01 09:30:25.181,8911b908,3,Ask,156.2,18
2025-01-01 09:30:25.195,9d7811bd,2,Ask,156.9,102
2025-01-01 09:30:25.210,13fe5a6c,3,Ask,156.2,44
2025-01-01 09:30:25.226,d4422861,1,Ask,158.54,71
2025-01-01 09:30:25.237,616b8fd2,1,Ask,158.52,127
2025-01-01 09:30:25.249,0bb3f773,1,Ask,158.51,49
2025-01-01 09:30:25.283,282116af,3,Ask,156.2,60
2025-01-01 09:30:25.294,b1253e11,3,Ask,156.21,708
2025-01-01 09:30:25.306,64f28f60,3,Ask,156.21,17
2025-01-01 09:30:25.320,23f3bff9,1,Ask,158.58,361
2025-01-01 09:30:25.330,b4f1d77e,3,Ask,156.21,70
2025-01-01 09:30:25.347,9764523e,1,Ask,158.63,409
2025-01-01 09:30:25.357,a65d4d02,3,Ask,156.21,99
2025-01-01 09:30:25.367,897738a9,2,Ask,158.33,47
2025-01-01 09:30:25.382,8b840fb9,1,Ask,158.65,196
2025-01-01 09:30:25.394,852cbbe8,3,Ask,156.21,24
2025-01-01 09:30:25.408,ea1d0e7e,1,Ask,158.6,90
2025-01-01 09:30:25.420,aa06517b,1,Ask,158.62,438
2025-01-01 09:30:25.431,a9ba5457,3,Ask,156.21,103
2025-01-01 09:30:25.442,739ddad4,1,Ask,158.62,128
2025-01-01 09:30:25.459,ec8b72ee,3,Ask,156.22,131
2025-01-01 09:30:25.473,b5f3fe1e,2,Ask,156.95,193
2025-01-01 09:30:25.487,e44965d8,3,Ask,156.22,100
2025-01-01 09:30:25.499,7bb26167,1,Ask,158.71,83
2025-01-01 09:30:25.513,abeafcb3,3,Ask,156.22,113
2025-01-01 09:30:25.527,e5a7cc08,1,Ask,158.7,46
2025-01-01 09:30:25.542,7c419289,1,Ask,158.66,149
2025-01-01 09:30:25.555,dd3f0e21,2,Ask,156.24,38
2025-01-01 09:30:25.568,d4e2fb29,3,Ask,156.22,470
2025-01-01 09:30:25.578,f408a378,3,Ask,156.22,412
2025-01-01 09:30:25.593,1f80b3d5,3,Ask,156.22,151
2025-01-01 09:30:25.621,92ba01bf,2,Ask,157.43,17
2025-01-01 09:30:25.631,48015d5c,1,Ask,158.86,40
2025-01-01 09:30:25.656,552b9c9c,1,Ask,158.83,321
2025-01-01 09:30:25.666,c6d1a274,1,Ask,158.86,55
2025-01-01 09:30:25.676,c59a22a7,3,Ask,156.22,97
2025-01-01 09:30:25.686,611cf081,2,Ask,158.45,21
2025-01-01 09:30:25.697,aa4272ef,3,Ask,156.22,4
2025-01-01 09:30:25.712,84de39b4,2,Ask,158.3,60
2025-01-01 09:30:25.729,8c0ab839,1,Ask,158.91,199
2025-01-01 09:30:25.740,2c80bfdd,2,Ask,158.6,90
2025-01-01 09:30:25.751,54a13f06,1,Ask,158.85,30
2025-01-01 09:30:25.770,99c1f300,2,Ask,158.4,5
2025-01-01 09:30:25.788,9dc5ebff,3,Ask,156.22,83
2025-01-01 09:30:25.800,c5a649e5,1,Ask,158.87,138
2025-01-01 09:30:25.811,34b060f7,3,Ask,156.22,81
2025-01-01 09:30:25.821,3750c6f4,3,Ask,156.22,276
2025-01-01 09:30:25.832,542e1b55,1,Ask,159.07,160
2025-01-01 09:30:25.842,2598266b,3,Ask,156.22,19
2025-01-01 09:30:25.864,2711d074,3,Ask,156.23,66
2025-01-01 09:30:25.877,d0895deb,1,Ask,158.91,1097
2025-01-01 09:30:25.891,9ddf36b9,1,Ask,158.86,50
2025-01-01 09:30:25.902,943a7a86,3,Ask,156.23,18
2025-01-01 09:30:25.914,cfa30161,3,Ask,156.23,80
2025-01-01 09:30:25.929,c220d36d,1,Ask,159.0,78
2025-01-01 09:30:25.940,ce3047dd,3,Ask,156.23,115
2025-01-01 09:30:25.954,e977b507,3,Ask,156.24,74
2025-01-01 09:30:25.966,13e46023,3,Ask,156.25,19
2025-01-01 09:30:25.977,e66f12eb,3,Ask,156.25,171
2025-01-01 09:30:25.989,e46fe745,1,Ask,159.02,102
2025-01-01 09:30:25.999,c26a4d37,1,Ask,159.0,41
2025-01-01 09:30:26.009,c433912d,1,Ask,158.94,42
2025-01-01 09:30:26.021,01607a08,3,Ask,156.25,115
2025-01-01 09:30:26.042,b7d8bed5,2,Ask,157.58,200
2025-01-01 09:30:26.055,9978b8a1,1,Ask,158.95,113
2025-01-01 09:30:26.069,d3394b49,1,Ask,158.93,74
2025-01-01 09:30:26.083,828f76ad,1,Ask,158.92,485
2025-01-01 09:30:26.095,c780192a,1,Ask,158.94,108
2025-01-01 09:30:26.111,3b4e15f3,1,Ask,158.92,77
2025-01-01 09:30:26.130,c494fe40,1,Ask,158.94,43
2025-01-01 09:30:26.142,4fec9a9e,1,Ask,158.96,57
2025-01-01 09:30:26.153,90f2cf48,1,Ask,158.95,70
2025-01-01 09:30:26.166,fe178ad1,1,Ask,158.92,18
2025-01-01 09:30:26.182,698b9cf9,1,Ask,158.9,70
2025-01-01 09:30:26.192,8c90fc42,1,Ask,159.04,63
2025-01-01 09:30:26.207,72dfc0e2,1,Ask,158.86,90
2025-01-01 09:30:26.218,571bc7e6,1,Ask,158.93,15
2025-01-01 09:30:26.231,5f24e6d6,3,Ask,156.25,178
2025-01-01 09:30:26.244,da8c64ed,1,Ask,158.95,101
2025-01-01 09:30:26.254,35e9f05f,2,Ask,158.94,32
2025-01-01 09:30:26.269,7d3a76fe,3,Ask,156.25,41
2025-01-01 09:30:26.281,9ee889db,1,Ask,159.02,31
2025-01-01 09:30:26.296,531258e5,1,Ask,158.99,120
2025-01-01 09:30:26.306,fabdf71f,1,Ask,158.92,291
2025-01-01 09:30:26.316,0ae259ec,3,Ask,156.25,162
2025-01-01 09:30:26.332,4f583865,1,Ask,158.92,98
2025-01-01 09:30:26.344,ba3367f6,1,Ask,158.97,1926
2025-01-01 09:30:26.355,8db5000c,3,Ask,156.26,207
2025-01-01 09:30:26.380,5e303582,3,Ask,156.28,15
2025-01-01 09:30:26.398,65a02424,1,Ask,158.96,281
2025-01-01 09:30:26.412,89e865c7,3,Ask,156.28,107
2025-01-01 09:30:26.423,d4635855,1,Ask,158.97,188
2025-01-01 09:30:26.447,9dbc260b,1,Ask,159.0,100
2025-01-01 09:30:26.465,d97e0eb6,1,Ask,159.17,17
2025-01-01 09:30:26.476,f4273028,3,Ask,156.28,196
2025-01-01 09:30:26.489,c24c5253,3,Ask,156.29,259
2025-01-01 09:30:26.499,8d94b018,3,Ask,156.31,14
2025-01-01 09:30:26.509,2dcbab0f,1,Ask,159.07,48
2025-01-01 09:30:26.520,f18e6130,1,Ask,159.23,85
2025-01-01 09:30:26.532,d49a0da6,1,Ask,159.12,13
2025-01-01 09:30:26.545,3d877615,1,Ask,159.11,80
2025-01-01 09:30:26.558,a8c8b3e7,1,Ask,159.08,77
2025-01-01 09:30:26.575,47817bd9,1,Ask,159.04,1136
2025-01-01 09:30:26.586,1d839d8d,1,Ask,159.02,65
2025-01-01 09:30:26.600,44aae70d,2,Ask,157.44,85
2025-01-01 09:30:26.615,8036e95f,3,Ask,156.31,73
2025-01-01 09:30:26.630,c7e62d9f,2,Ask,158.58,154
2025-01-01 09:30:26.645,150dd985,1,Ask,159.08,88
2025-01-01 09:30:26.665,d4cafcc2,1,Ask,159.06,435
2025-01-01 09:30:26.688,72229b8f,2,Ask,157.23,83
2025-01-01 09:30:26.707,602db43f,3,Ask,156.32,356
2025-01-01 09:30:26.718,14925576,3,Ask,156.32,179
2025-01-01 09:30:26.728,f3d3e84e,1,Ask,159.21,85
2025-01-01 09:30:26.749,24f998ad,1,Ask,159.09,169
2025-01-01 09:30:26.771,e7a4d74d,3,Ask,156.32,87
2025-01-01 09:30:26.783,0a9957ba,1,Ask,159.13,62
2025-01-01 09:30:26.793,2972375f,1,Ask,159.07,234
2025-01-01 09:30:26.805,0a6b529a,3,Ask,156.32,9
2025-01-01 09:30:26.816,e55fd344,1,Ask,159.11,1382
2025-01-01 09:30:26.832,90d62761,3,Ask,156.32,30
2025-01-01 09:30:26.850,3f21ccd3,2,Ask,156.75,143
2025-01-01 09:30:26.860,4111da46,3,Ask,156.32,248
2025-01-01 09:30:26.871,35d35f59,1,Ask,159.26,78
2025-01-01 09:30:26.890,334e24b2,3,Ask,156.32,104
2025-01-01 09:30:26.900,7f572a8b,1,Ask,159.13,62
2025-01-01 09:30:26.910,fcd14482,3,Ask,156.32,14
2025-01-01 09:30:26.925,a4b7cc71,2,Ask,157.53,13
2025-01-01 09:30:26.942,3003f297,1,Ask,159.22,527
2025-01-01 09:30:26.958,30a422d9,1,Ask,159.22,259
2025-01-01 09:30:26.970,e4d61c6d,3,Ask,156.32,33
2025-01-01 09:30:26.982,62fe97ca,2,Ask,157.89,6
2025-01-01 09:30:27.005,011b58d5,3,Ask,156.32,98
2025-01-01 09:30:27.018,a06c45c1,1,Ask,159.19,687
2025-01-01 09:30:27.031,fcda116c,3,Ask,156.32,61
2025-01-01 09:30:27.042,5fe97027,2,Ask,157.09,191
2025-01-01 09:30:27.068,b1c50323,2,Ask,159.19,35
2025-01-01 09:30:27.086,c3c614d7,3,Ask,156.32,8
2025-01-01 09:30:27.100,8af7e25c,3,Ask,156.34,35
2025-01-01 09:30:27.112,3a5f33ec,1,Ask,159.34,59
2025-01-01 09:30:27.124,17a8aff5,2,Ask,158.99,83
2025-01-01 09:30:27.135,7bd4b460,1,Ask,159.26,94
2025-01-01 09:30:27.150,0b6c9259,1,Ask,159.3,94
2025-01-01 09:30:27.164,314fc4b0,2,Ask,157.32,820
2025-01-01 09:30:27.181,c7d6a54f,1,Ask,159.23,48
2025-01-01 09:30:27.191,54f83c20,1,Ask,159.15,58
2025-01-01 09:30:27.203,faf69065,3,Ask,156.34,18
2025-01-01 09:30:27.218,5f273a8f,2,Ask,158.54,71
2025-01-01 09:30:27.236,4d781b18,1,Ask,159.2,195
2025-01-01 09:30:27.248,04001c65,3,Ask,156.42,146
2025-01-01 09:30:27.272,00891e50,3,Ask,156.42,196
2025-01-01 09:30:27.288,08939f7e,1,Ask,159.3,129
2025-01-01 09:30:27.298,a6e8712b,2,Ask,157.22,27
2025-01-01 09:30:27.322,51d1563c,1,Ask,159.26,299
2025-01-01 09:30:27.336,5b4c6f70,2,Ask,157.15,45
2025-01-01 09:30:27.354,80dbf145,1,Ask,159.25,131
2025-01-01 09:30:27.371,bf1ac33b,1,Ask,159.26,173
2025-01-01 09:30:27.386,f558f5d8,2,Ask,157.37,124
2025-01-01 09:30:27.396,e67e9881,1,Ask,159.3,81
2025-01-01 09:30:27.408,f327e1ea,3,Ask,156.43,39
2025-01-01 09:30:27.420,a47d070d,1,Ask,159.33,442
2025-01-01 09:30:27.436,dbd7f33d,1,Ask,159.39,93
2025-01-01 09:30:27.447,833e278b,3,Ask,156.43,19
2025-01-01 09:30:27.459,97d207d0,1,Ask,159.26,36
2025-01-01 09:30:27.475,cc26a151,1,Ask,159.3,32
2025-01-01 09:30:27.506,5668a527,3,Ask,156.43,26
2025-01-01 09:30:27.521,d5a5b2ef,1,Ask,159.26,31
2025-01-01 09:30:27.537,2842084b,3,Ask,156.43,49
2025-01-01 09:30:27.551,a22a3152,3,Ask,156.43,279
2025-01-01 09:30:27.573,de7833d2,1,Ask,159.33,3
2025-01-01 09:30:27.584,f12fc4eb,1,Ask,159.31,28
2025-01-01 09:30:27.595,b53bd850,3,Ask,156.44,57
2025-01-01 09:30:27.613,84dd259c,1,Ask,159.31,268
2025-01-01 09:30:27.628,26cb7cb9,1,Ask,159.42,223
2025-01-01 09:30:27.645,9482ba13,1,Ask,159.4,135
2025-01-01 09:30:27.666,ff0e10ab,3,Ask,156.45,66
2025-01-01 09:30:27.687,3f42976d,1,Ask,159.35,31
2025-01-01 09:30:27.703,cc0a5a10,1,Ask,159.32,62
2025-01-01 09:30:27.713,d6643ae2,2,Ask,158.09,100
2025-01-01 09:30:27.726,74673547,1,Ask,159.34,166
2025-01-01 09:30:27.737,f2e37349,1,Ask,159.37,49
2025-01-01 09:30:27.755,2d78ae9d,1,Ask,159.47,132
2025-01-01 09:30:27.769,e6480010,2,Ask,158.16,24
2025-01-01 09:30:27.779,344c378a,3,Ask,156.48,63
2025-01-01 09:30:27.801,ef6c4ad4,3,Ask,156.48,131
2025-01-01 09:30:27.833,06208697,2,Ask,158.2,99
2025-01-01 09:30:27.843,bbc0201e,3,Ask,156.48,186
2025-01-01 09:30:27.855,bc8f4e20,3,Ask,156.5,25
2025-01-01 09:30:27.878,e8e29ca2,3,Ask,156.51,50
2025-01-01 09:30:27.891,b5ee5b1f,2,Ask,158.92,35
2025-01-01 09:30:27.923,f77d526c,1,Ask,159.43,49
2025-01-01 09:30:27.933,1cd921ac,3,Ask,156.51,6
2025-01-01 09:30:27.944,22f0cfbc,3,Ask,156.54,161
2025-01-01 09:30:27.955,d5a6ec3b,1,Ask,159.41,104
2025-01-01 09:30:27.965,f26d75b2,1,Ask,159.47,10
2025-01-01 09:30:27.977,b9eb53fd,3,Ask,156.54,39
2025-01-01 09:30:27.987,21670b37,3,Ask,156.54,83
2025-01-01 09:30:27.997,d0a66bed,1,Ask,159.52,653
2025-01-01 09:30:28.007,09f131b5,3,Ask,156.59,152
2025-01-01 09:30:28.032,a01bed66,2,Ask,158.87,37
2025-01-01 09:30:28.045,a59621dc,1,Ask,159.51,432
2025-01-01 09:30:28.056,542f85aa,3,Ask,156.66,55
2025-01-01 09:30:28.068,a2ad5f0f,3,Ask,156.66,69
2025-01-01 09:30:28.078,cb3e12cc,1,Ask,159.5,459
2025-01-01 09:30:28.093,fa18e8fb,3,Ask,156.66,216
2025-01-01 09:30:28.115,f1ff04c4,1,Ask,159.55,5
2025-01-01 09:30:28.125,0d8903d6,1,Ask,159.51,708
2025-01-01 09:30:28.140,3333e3ab,2,Ask,158.65,133
2025-01-01 09:30:28.160,3d161fa2,3,Ask,156.66,342
2025-01-01 09:30:28.170,247f089e,1,Ask,159.55,103
2025-01-01 09:30:28.180,cc0907f2,1,Ask,159.56,140
2025-01-01 09:30:28.195,80845b41,2,Ask,159.51,71
2025-01-01 09:30:28.205,62787184,1,Ask,159.53,105
2025-01-01 09:30:28.217,6245a809,1,Ask,159.52,22
2025-01-01 09:30:28.230,681391b1,1,Ask,159.7,33
2025-01-01 09:30:28.243,32b486ff,3,Ask,156.66,175
2025-01-01 09:30:28.256,cd98a8db,3,Ask,156.67,43
2025-01-01 09:30:28.275,22642713,1,Ask,159.69,44
2025-01-01 09:30:28.288,3ba1919b,1,Ask,159.56,464
2025-01-01 09:30:28.301,96ee2cc6,1,Ask,159.59,16
2025-01-01 09:30:28.317,ad098b43,2,Ask,158.08,53
2025-01-01 09:30:28.338,264c7ffa,3,Ask,156.72,72
2025-01-01 09:30:28.352,cc66dd49,3,Ask,156.72,246
2025-01-01 09:30:28.372,3d5319ab,1,Ask,159.57,23
2025-01-01 09:30:28.384,e073b177,1,Ask,159.65,776
2025-01-01 09:30:28.397,2400b037,1,Ask,159.63,334
2025-01-01 09:30:28.413,d31e2325,1,Ask,159.64,695
2025-01-01 09:30:28.425,21b633d1,2,Ask,157.33,200
2025-01-01 09:30:28.437,af202aa5,1,Ask,159.54,79
2025-01-01 09:30:28.447,9b66917b,3,Ask,156.73,89
2025-01-01 09:30:28.457,0134db95,3,Ask,156.74,24
2025-01-01 09:30:28.477,49c53edd,2,Ask,156.88,31
2025-01-01 09:30:28.494,ba2802c4,1,Ask,159.67,61
2025-01-01 09:30:28.504,547db71c,1,Ask,159.58,208
2025-01-01 09:30:28.516,509d18a8,3,Ask,156.75,149
2025-01-01 09:30:28.527,a83bcea0,1,Ask,159.61,57
2025-01-01 09:30:28.539,964af987,1,Ask,159.63,826
2025-01-01 09:30:28.557,e60b78c3,2,Ask,157.18,28
2025-01-01 09:30:28.568,d68dbcce,3,Ask,156.75,12
2025-01-01 09:30:28.580,3d2c4781,1,Ask,159.63,30
2025-01-01 09:30:28.591,8a44a8a6,2,Ask,157.88,58
2025-01-01 09:30:28.620,a6442a92,3,Ask,156.75,86
2025-01-01 09:30:28.633,c0e56a08,3,Ask,156.75,90
2025-01-01 09:30:28.644,8d960bca,3,Ask,156.76,38
2025-01-01 09:30:28.656,0a7cd3d4,1,Ask,159.65,11
2025-01-01 09:30:28.666,96c9356c,2,Ask,158.45,33
2025-01-01 09:30:28.684,b3754fca,3,Ask,156.76,13
2025-01-01 09:30:28.701,4c4eb57b,3,Ask,156.77,43
2025-01-01 09:30:28.716,0c47317b,3,Ask,156.77,50
2025-01-01 09:30:28.726,5e1c6e44,1,Ask,159.64,127
2025-01-01 09:30:28.738,e5004dce,2,Ask,159.31,118
2025-01-01 09:30:28.749,2afe34a8,2,Ask,159.32,62
2025-01-01 09:30:28.763,9ce96463,1,Ask,159.67,47
2025-01-01 09:30:28.773,b3e0b410,3,Ask,156.77,23
2025-01-01 09:30:28.802,9fdfae9b,3,Ask,156.77,38
2025-01-01 09:30:28.814,db60a09c,1,Ask,159.68,270
2025-01-01 09:30:28.825,74e7d8b4,1,Ask,159.74,55
2025-01-01 09:30:28.838,ae406f8d,1,Ask,159.63,863
2025-01-01 09:30:28.848,8f0e6e68,3,Ask,156.77,89
2025-01-01 09:30:28.871,947e84b0,2,Ask,157.84,26
2025-01-01 09:30:28.888,84e991d8,3,Ask,156.78,23
2025-01-01 09:30:28.898,ded6914e,1,Ask,159.75,116
2025-01-01 09:30:28.910,28c35f1a,3,Ask,156.81,56
2025-01-01 09:30:28.925,3b9f162c,3,Ask,156.81,69
2025-01-01 09:30:28.936,0f861f62,3,Ask,156.81,108
2025-01-01 09:30:28.958,288192dc,2,Ask,156.91,85
2025-01-01 09:30:28.977,c0df6dc9,1,Ask,159.8,144
2025-01-01 09:30:28.987,9160a62d,3,Ask,156.82,112
2025-01-01 09:30:28.998,11cf1c7a,3,Ask,156.82,38
2025-01-01 09:30:29.009,898878e0,2,Ask,159.68,270
2025-01-01 09:30:29.025,7a96e1c5,2,Ask,158.71,38
