timestamp,order_id,event_type,side,price,size
2025-01-01 09:30:00.002,25349025,2,Bid,149.99,85
2025-01-01 09:30:00.025,6935f05c,1,Ask,150.03,253
2025-01-01 09:30:00.026,6e5dec1a,1,Ask,150.02,110
2025-01-01 09:30:00.034,f84ba6f5,1,Ask,150.02,426
2025-01-01 09:30:00.040,e16c9ff3,2,Ask,150.03,86
2025-01-01 09:30:00.050,4b3149d7,3,Bid,149.99,22
2025-01-01 09:30:00.060,5ad88d34,1,Ask,150.02,50
2025-01-01 09:30:00.080,d7985bfd,1,Bid,150.0,20
2025-01-01 09:30:00.084,7a54245a,1,Ask,150.0,85
2025-01-01 09:30:00.096,6c87615d,1,Bid,149.97,56
2025-01-01 09:30:00.100,358a9c95,1,Ask,149.99,122
2025-01-01 09:30:00.127,fb5de2ad,1,Bid,149.96,76
2025-01-01 09:30:00.128,c6b99891,1,Bid,149.97,16
2025-01-01 09:30:00.131,2bb42193,1,Ask,150.03,131
2025-01-01 09:30:00.141,46ffbdc9,2,Bid,149.99,75
2025-01-01 09:30:00.151,9ec511b9,1,Ask,150.03,83
2025-01-01 09:30:00.161,ab1dee32,1,Ask,150.03,56
2025-01-01 09:30:00.173,5922cc71,1,Ask,150.02,288
2025-01-01 09:30:00.182,79854dc6,3,Bid,149.99,27
2025-01-01 09:30:00.191,1b67d22b,2,Bid,150.0,149
2025-01-01 09:30:00.204,8d99364f,3,Ask,150.03,40
2025-01-01 09:30:00.210,071773df,1,Ask,150.02,692
2025-01-01 09:30:00.221,4b3b2add,3,Ask,150.04,329
2025-01-01 09:30:00.232,76fb1614,1,Bid,150.01,181
2025-01-01 09:30:00.243,be641dd4,2,Bid,150.02,311
2025-01-01 09:30:00.257,4621d525,1,Bid,150.02,386
2025-01-01 09:30:00.261,159a8b0a,3,Bid,150.03,29
2025-01-01 09:30:00.273,75d4ebfc,1,Bid,150.02,166
2025-01-01 09:30:00.284,317425e7,1,Bid,150.01,68
2025-01-01 09:30:00.290,c6df11d9,3,Ask,150.03,421
2025-01-01 09:30:00.304,b6f6473f,1,Bid,149.99,31
2025-01-01 09:30:00.310,49397202,2,Bid,150.01,175
2025-01-01 09:30:00.320,21344f17,1,Ask,150.03,44
2025-01-01 09:30:00.344,8f56dd8b,3,Bid,150.01,521
2025-01-01 09:30:00.356,64b4ea2b,2,Bid,150.0,87
2025-01-01 09:30:00.358,ac89032b,1,Bid,150.03,152
2025-01-01 09:30:00.361,a367d6b1,1,Bid,150.03,197
2025-01-01 09:30:00.370,c5c29089,2,Ask,150.05,33
2025-01-01 09:30:00.385,bbded49b,1,Ask,150.04,131
2025-01-01 09:30:00.392,91074ecb,1,Ask,150.02,412
2025-01-01 09:30:00.400,fdfbd72e,2,Bid,150.0,161
2025-01-01 09:30:00.413,03d837c1,1,Bid,150.0,29
2025-01-01 09:30:00.420,fe309f0f,1,Ask,150.08,53
2025-01-01 09:30:00.442,7ca3de0d,2,Bid,150.03,579
2025-01-01 09:30:00.441,c6d5a93b,2,Bid,150.04,296
2025-01-01 09:30:00.455,a571a2e9,1,Bid,150.02,257
2025-01-01 09:30:00.461,c9551475,1,Ask,150.05,46
2025-01-01 09:30:00.473,ccb133ad,1,Ask,150.06,97
2025-01-01 09:30:00.483,8fa2016c,2,Ask,150.08,61
2025-01-01 09:30:00.491,246e0ffe,1,Ask,150.07,41
2025-01-01 09:30:00.517,ae02dffe,1,Bid,150.04,248
2025-01-01 09:30:00.517,97b97f46,3,Bid,150.05,52
2025-01-01 09:30:00.534,824a7102,1,Ask,150.08,38
2025-01-01 09:30:00.541,c70823e7,2,Bid,150.05,300
2025-01-01 09:30:00.544,f9a583c0,1,Ask,150.08,624
2025-01-01 09:30:00.562,7d2f6dff,1,Ask,150.08,106
2025-01-01 09:30:00.560,42da4414,1,Bid,150.02,25
2025-01-01 09:30:00.571,0595f817,1,Ask,150.04,98
2025-01-01 09:30:00.580,25fe130a,1,Bid,149.99,33
2025-01-01 09:30:00.591,8b0c2f3e,1,Bid,149.99,63
2025-01-01 09:30:00.602,8b3f5901,3,Ask,150.02,105
2025-01-01 09:30:00.611,1019677b,1,Bid,149.98,226
2025-01-01 09:30:00.628,2baf8c64,1,Bid,149.99,120
2025-01-01 09:30:00.632,605b5551,1,Bid,150.0,47
2025-01-01 09:30:00.641,2c3cdcb4,1,Bid,150.0,465
2025-01-01 09:30:00.653,405612da,1,Bid,149.99,197
2025-01-01 09:30:00.660,4137d9cc,1,Ask,150.02,497
2025-01-01 09:30:00.678,389d517b,1,Ask,150.02,101
2025-01-01 09:30:00.680,5fc3a326,1,Bid,150.0,159
2025-01-01 09:30:00.711,9e4c0242,2,Ask,150.03,28
2025-01-01 09:30:00.707,0ed99816,3,Bid,150.0,229
2025-01-01 09:30:00.711,a3772c4d,1,Ask,150.04,35
2025-01-01 09:30:00.720,e757e9aa,2,Ask,150.04,58
2025-01-01 09:30:00.738,8223e16e,3,Ask,150.04,64
2025-01-01 09:30:00.746,e9708447,1,Ask,150.06,133
2025-01-01 09:30:00.756,3c6432e0,1,Ask,150.07,36
2025-01-01 09:30:00.767,bcd526eb,1,Bid,150.04,1159
2025-01-01 09:30:00.770,a7177449,1,Bid,150.02,31
2025-01-01 09:30:00.782,e76cdf7b,1,Bid,150.03,13
2025-01-01 09:30:00.790,f2799acd,1,Ask,150.05,91
2025-01-01 09:30:00.809,cf14341a,1,Ask,150.07,143
2025-01-01 09:30:00.814,ff3f3ca5,1,Bid,150.02,386
2025-01-01 09:30:00.822,a4f13af6,1,Bid,150.02,276
2025-01-01 09:30:00.830,67da0048,1,Bid,150.02,247
2025-01-01 09:30:00.841,df5e8469,1,Bid,150.01,216
2025-01-01 09:30:00.851,fd8059ee,1,Ask,150.05,210
2025-01-01 09:30:00.866,d4cda278,1,Ask,150.03,111
2025-01-01 09:30:00.875,a520ab6d,1,Ask,150.03,32
2025-01-01 09:30:00.890,d4c4d817,1,Ask,150.01,32
2025-01-01 09:30:00.893,75bedf89,1,Ask,150.01,74
2025-01-01 09:30:00.900,d980e21f,2,Ask,150.01,89
2025-01-01 09:30:00.916,0b73b47a,2,Ask,150.01,311
2025-01-01 09:30:00.927,9f78f0ab,2,Ask,150.01,116
2025-01-01 09:30:00.934,11015929,2,Bid,149.97,66
2025-01-01 09:30:00.947,1817154b,1,Ask,149.99,1239
2025-01-01 09:30:00.953,5ab78400,2,Bid,149.97,218
2025-01-01 09:30:00.963,ce47c2bb,1,Ask,149.98,50
2025-01-01 09:30:00.972,5feaba66,1,Bid,149.96,67
2025-01-01 09:30:00.980,87038efa,1,Ask,149.98,8
2025-01-01 09:30:00.990,f853cb5a,1,Bid,149.95,643
2025-01-01 09:30:01.000,34eba81e,1,Bid,149.95,290
2025-01-01 09:30:01.015,1168b3df,1,Ask,149.98,251
2025-01-01 09:30:01.021,628ac4df,1,Bid,149.95,59
2025-01-01 09:30:01.033,be921a27,1,Bid,149.95,547
2025-01-01 09:30:01.051,3cd76ed3,2,Ask,149.98,131
2025-01-01 09:30:01.051,ea1fef8b,1,Bid,149.95,14
2025-01-01 09:30:01.062,0bdf924a,2,Bid,149.94,85
2025-01-01 09:30:01.077,73b4a74c,1,Bid,149.96,53
2025-01-01 09:30:01.081,2bcd7ab3,1,Bid,149.97,54
2025-01-01 09:30:01.090,03be9db7,3,Bid,149.95,16
2025-01-01 09:30:01.101,16ae4186,1,Bid,149.96,135
2025-01-01 09:30:01.110,2dd3abfc,1,Bid,149.96,28
2025-01-01 09:30:01.133,59b7d982,3,Bid,149.97,307
2025-01-01 09:30:01.138,81a59014,1,Bid,149.99,35
2025-01-01 09:30:01.145,6281651b,1,Bid,149.96,38
2025-01-01 09:30:01.160,70e34773,3,Ask,149.97,30
2025-01-01 09:30:01.168,67b2fe70,1,Ask,149.96,265
2025-01-01 09:30:01.171,b7dc51e7,1,Ask,149.97,98
2025-01-01 09:30:01.191,7c27d3c1,2,Bid,149.95,89
2025-01-01 09:30:01.193,e854f552,1,Ask,149.96,86
2025-01-01 09:30:01.208,a52ae5df,1,Bid,149.94,270
2025-01-01 09:30:01.221,386bbc6c,2,Ask,149.97,450
2025-01-01 09:30:01.221,16365278,1,Ask,149.94,74
2025-01-01 09:30:01.230,fee66912,1,Ask,149.94,20
2025-01-01 09:30:01.241,fe49ef22,1,Bid,149.91,187
2025-01-01 09:30:01.252,dc21af15,3,Ask,149.93,162
2025-01-01 09:30:01.268,0d7226fe,1,Bid,149.9,33
2025-01-01 09:30:01.279,9f0ea2fe,1,Bid,149.9,6
2025-01-01 09:30:01.280,563b7110,1,Bid,149.91,42
2025-01-01 09:30:01.293,1d0060c9,1,Ask,149.96,714
2025-01-01 09:30:01.302,d38d70cf,1,Ask,149.95,25
2025-01-01 09:30:01.311,6a1e39ca,1,Bid,149.93,122
2025-01-01 09:30:01.320,e98ea57c,2,Ask,149.95,407
2025-01-01 09:30:01.332,dba93d9a,2,Bid,149.91,33
2025-01-01 09:30:01.354,c19b9e81,1,Ask,149.93,83
2025-01-01 09:30:01.351,b6cb131f,1,Bid,149.9,113
2025-01-01 09:30:01.363,ef116451,1,Ask,149.92,245
2025-01-01 09:30:01.376,b963f7bb,1,Ask,149.91,46
2025-01-01 09:30:01.382,9435ae24,1,Ask,149.9,23
2025-01-01 09:30:01.407,a46da6b9,1,Bid,149.89,346
2025-01-01 09:30:01.416,641e8a7e,1,Bid,149.9,96
2025-01-01 09:30:01.411,0618ce3f,1,Bid,149.9,27
2025-01-01 09:30:01.423,69e4f669,1,Bid,149.92,210
2025-01-01 09:30:01.431,db820099,1,Bid,149.94,170
2025-01-01 09:30:01.441,6e93a9c4,1,Bid,149.94,618
2025-01-01 09:30:01.450,c795c6f8,1,Ask,149.96,29
2025-01-01 09:30:01.464,6e809c4c,1,Bid,149.93,50
2025-01-01 09:30:01.473,7d36b512,1,Ask,149.98,143
2025-01-01 09:30:01.480,8f9877a6,1,Bid,149.94,436
2025-01-01 09:30:01.491,a9fd45e8,1,Bid,149.92,471
2025-01-01 09:30:01.511,31da6bd7,1,Bid,149.92,263
2025-01-01 09:30:01.511,49790d4a,1,Bid,149.92,49
2025-01-01 09:30:01.520,8797caa1,1,Ask,149.96,49
2025-01-01 09:30:01.533,b236513e,3,Bid,149.92,136
2025-01-01 09:30:01.561,e09ff287,1,Bid,149.93,12
2025-01-01 09:30:01.551,c68ed4c8,2,Ask,149.95,504
2025-01-01 09:30:01.565,de5ce3e9,2,Ask,149.93,199
2025-01-01 09:30:01.577,4e61f52e,2,Ask,149.94,595
2025-01-01 09:30:01.581,4d003e6f,1,Bid,149.92,37
2025-01-01 09:30:01.596,688a5d0f,1,Ask,149.95,42
2025-01-01 09:30:01.602,dfa00072,2,Ask,149.93,493
2025-01-01 09:30:01.615,b21aae24,1,Bid,149.9,77
2025-01-01 09:30:01.625,42329901,1,Bid,149.89,205
2025-01-01 09:30:01.633,766e50f2,1,Bid,149.89,11
2025-01-01 09:30:01.640,2f0326f0,1,Bid,149.92,62
2025-01-01 09:30:01.659,e3b63229,1,Ask,149.95,89
2025-01-01 09:30:01.661,6ea9811c,3,Ask,149.97,173
2025-01-01 09:30:01.671,181c8218,2,Ask,149.95,139
2025-01-01 09:30:01.680,bbf45661,1,Bid,149.92,131
2025-01-01 09:30:01.694,8ffbbc77,3,Bid,149.92,140
2025-01-01 09:30:01.705,3b7375a0,1,Bid,149.93,134
2025-01-01 09:30:01.710,77272879,1,Bid,149.94,53
2025-01-01 09:30:01.723,adba4ca7,1,Bid,149.93,63
2025-01-01 09:30:01.731,3e38c0ad,1,Bid,149.94,322
2025-01-01 09:30:01.745,b2a03d32,2,Ask,149.97,92
2025-01-01 09:30:01.750,e73c787e,2,Bid,149.96,47
2025-01-01 09:30:01.765,a50ca41d,1,Ask,149.98,285
2025-01-01 09:30:01.772,0630e65a,3,Bid,149.94,66
2025-01-01 09:30:01.793,66b44125,1,Bid,149.93,219
2025-01-01 09:30:01.790,026f2579,1,Bid,149.94,49
2025-01-01 09:30:01.802,221a5188,1,Bid,149.95,19
2025-01-01 09:30:01.810,e101fd8d,2,Bid,149.93,69
2025-01-01 09:30:01.832,e3a9f223,3,Bid,149.94,43
2025-01-01 09:30:01.840,55992a19,1,Ask,149.98,77
2025-01-01 09:30:01.841,327726fa,1,Ask,149.97,71
2025-01-01 09:30:01.855,b46b54f1,1,Bid,149.92,136
2025-01-01 09:30:01.868,11a915e7,3,Bid,149.92,80
2025-01-01 09:30:01.874,6314617c,3,Bid,149.93,102
2025-01-01 09:30:01.883,b8571a21,1,Ask,149.98,18
2025-01-01 09:30:01.891,8fa92425,1,Bid,149.95,577
2025-01-01 09:30:01.900,1a801591,1,Ask,149.98,498
2025-01-01 09:30:01.921,9c425e86,1,Bid,149.96,209
2025-01-01 09:30:01.931,24f71467,1,Ask,150.0,158
2025-01-01 09:30:01.935,db7e7415,3,Ask,150.0,115
2025-01-01 09:30:01.942,0ec71a31,1,Ask,150.01,17
2025-01-01 09:30:01.952,cad0b6e3,2,Ask,150.0,785
2025-01-01 09:30:01.966,758987e7,1,Bid,149.98,35
2025-01-01 09:30:01.981,9c6fe162,2,Bid,149.96,57
2025-01-01 09:30:01.990,d7bfb568,1,Bid,149.98,203
2025-01-01 09:30:01.997,621c68d5,1,Ask,150.0,770
2025-01-01 09:30:02.005,b189fbe4,1,Bid,149.96,208
2025-01-01 09:30:02.010,7d41dcb3,2,Ask,149.96,120
2025-01-01 09:30:02.020,aeb7a792,1,Ask,149.96,69
2025-01-01 09:30:02.041,316c264b,2,Ask,149.95,224
2025-01-01 09:30:02.044,d71d7914,2,Bid,149.91,78
2025-01-01 09:30:02.050,fbf88ca0,1,Ask,149.96,41
2025-01-01 09:30:02.060,e3487b6e,2,Bid,149.92,20
2025-01-01 09:30:02.075,80143617,1,Ask,149.94,186
2025-01-01 09:30:02.080,7c4f3db3,3,Bid,149.91,263
2025-01-01 09:30:02.090,1d7da28f,1,Ask,149.93,51
2025-01-01 09:30:02.103,0995898a,2,Bid,149.9,247
2025-01-01 09:30:02.115,483c48b7,2,Ask,149.95,294
2025-01-01 09:30:02.125,6881763f,1,Ask,149.97,10
2025-01-01 09:30:02.131,bef1c931,1,Ask,149.95,18
2025-01-01 09:30:02.146,4530c883,1,Ask,149.94,99
2025-01-01 09:30:02.151,b5141eea,2,Ask,149.94,71
2025-01-01 09:30:02.161,95d7bee4,3,Bid,149.91,104
2025-01-01 09:30:02.176,fce89ee4,1,Bid,149.92,67
2025-01-01 09:30:02.185,1499507d,1,Ask,149.93,102
2025-01-01 09:30:02.199,b9c47277,1,Ask,149.91,83
2025-01-01 09:30:02.205,61926b9c,1,Bid,149.87,115
2025-01-01 09:30:02.214,6d219e74,1,Ask,149.91,89
2025-01-01 09:30:02.220,c6b63746,1,Bid,149.88,76
2025-01-01 09:30:02.232,a6118d97,2,Ask,149.91,657
2025-01-01 09:30:02.241,dab91221,1,Ask,149.92,22
2025-01-01 09:30:02.251,57086ff9,2,Ask,149.93,984
2025-01-01 09:30:02.278,62a6a629,1,Ask,149.94,41
2025-01-01 09:30:02.272,eee9c2d3,2,Bid,149.92,68
2025-01-01 09:30:02.291,7c7af22c,1,Bid,149.92,67
2025-01-01 09:30:02.294,f3036d10,2,Ask,149.92,433
2025-01-01 09:30:02.307,af063d8d,2,Bid,149.86,162
2025-01-01 09:30:02.313,052f0064,1,Bid,149.86,202
2025-01-01 09:30:02.324,32aa6195,3,Ask,149.9,444
2025-01-01 09:30:02.333,c66d65f6,1,Bid,149.86,39
2025-01-01 09:30:02.341,6bda819d,1,Ask,149.89,123
2025-01-01 09:30:02.356,6db0d5fb,1,Bid,149.87,720
2025-01-01 09:30:02.361,a7d9b005,2,Ask,149.9,37
2025-01-01 09:30:02.370,622e5734,1,Ask,149.89,299
2025-01-01 09:30:02.385,7d16e83d,1,Ask,149.89,62
2025-01-01 09:30:02.390,828da7a6,1,Ask,149.87,90
2025-01-01 09:30:02.414,9eef6caa,2,Bid,149.84,185
2025-01-01 09:30:02.425,bce1a35d,1,Bid,149.86,45
2025-01-01 09:30:02.432,a1762994,1,Bid,149.85,179
2025-01-01 09:30:02.432,12344d12,3,Bid,149.84,164
2025-01-01 09:30:02.440,9fcf0f53,2,Ask,149.87,180
2025-01-01 09:30:02.463,e96c5580,2,Bid,149.84,93
2025-01-01 09:30:02.462,1fbdf200,1,Bid,149.85,39
2025-01-01 09:30:02.487,e8773b26,2,Bid,149.84,121
2025-01-01 09:30:02.496,05bdf964,1,Bid,149.84,130
2025-01-01 09:30:02.499,1e7278a4,2,Ask,149.87,414
2025-01-01 09:30:02.501,599bfff3,1,Ask,149.88,405
2025-01-01 09:30:02.512,a765e30c,1,Bid,149.83,54
2025-01-01 09:30:02.529,954be70f,1,Bid,149.83,334
2025-01-01 09:30:02.531,a8f069db,1,Bid,149.83,131
2025-01-01 09:30:02.540,d4b15cc0,2,Bid,149.84,339
2025-01-01 09:30:02.554,9913d01c,1,Ask,149.87,224
2025-01-01 09:30:02.573,d50ce03d,2,Bid,149.85,332
2025-01-01 09:30:02.575,3f857fee,1,Ask,149.87,65
2025-01-01 09:30:02.584,4a076dcc,1,Ask,149.86,91
2025-01-01 09:30:02.590,bcd3dd14,2,Ask,149.86,116
2025-01-01 09:30:02.604,6d5ab26e,1,Ask,149.86,93
2025-01-01 09:30:02.633,fcbff041,1,Ask,149.85,327
2025-01-01 09:30:02.620,00e0cbca,1,Ask,149.84,128
2025-01-01 09:30:02.633,e81b970c,1,Bid,149.82,311
2025-01-01 09:30:02.650,a0c0a03a,1,Ask,149.85,196
2025-01-01 09:30:02.656,7c526176,1,Bid,149.82,67
2025-01-01 09:30:02.665,c8b47f4e,1,Ask,149.85,300
2025-01-01 09:30:02.676,9a9d5528,1,Ask,149.85,29
2025-01-01 09:30:02.682,1fdd434b,1,Ask,149.83,133
2025-01-01 09:30:02.691,f692bac7,1,Ask,149.84,145
2025-01-01 09:30:02.708,13073c3d,3,Bid,149.8,176
2025-01-01 09:30:02.718,a27b19b5,1,Bid,149.79,152
2025-01-01 09:30:02.730,830b00ec,3,Bid,149.82,185
2025-01-01 09:30:02.742,6094460b,2,Bid,149.82,240
2025-01-01 09:30:02.743,421acacb,1,Bid,149.83,70
2025-01-01 09:30:02.753,b89d9214,3,Ask,149.84,185
2025-01-01 09:30:02.768,8ac5e376,1,Bid,149.8,105
2025-01-01 09:30:02.775,0cbbbafc,1,Bid,149.83,28
2025-01-01 09:30:02.786,ed4b660f,1,Bid,149.85,82
2025-01-01 09:30:02.797,ec2cb786,1,Bid,149.84,600
2025-01-01 09:30:02.811,3dfecb3f,1,Ask,149.89,21
2025-01-01 09:30:02.812,95d4d583,2,Ask,149.91,145
2025-01-01 09:30:02.822,faea81aa,1,Ask,149.91,219
2025-01-01 09:30:02.830,9bba5567,1,Bid,149.87,57
2025-01-01 09:30:02.844,f92e6723,1,Ask,149.91,72
2025-01-01 09:30:02.850,e2bb7005,1,Bid,149.85,18
2025-01-01 09:30:02.863,5cadbf5a,1,Ask,149.89,389
2025-01-01 09:30:02.873,f9e33439,1,Bid,149.85,138
2025-01-01 09:30:02.881,e59e64c1,1,Ask,149.89,433
2025-01-01 09:30:02.894,d87987a5,1,Bid,149.86,108
2025-01-01 09:30:02.900,1c68ee4d,3,Ask,149.89,24
2025-01-01 09:30:02.910,43eaac42,1,Ask,149.89,182
2025-01-01 09:30:02.928,6bb56a83,2,Ask,149.9,306
2025-01-01 09:30:02.932,06694f90,1,Ask,149.9,80
2025-01-01 09:30:02.940,4f45219f,1,Bid,149.86,569
2025-01-01 09:30:02.953,c54df801,1,Bid,149.87,92
2025-01-01 09:30:02.967,9aae87d2,3,Bid,149.86,136
2025-01-01 09:30:02.971,9fbb0f65,1,Bid,149.86,369
2025-01-01 09:30:02.984,3858b33e,1,Bid,149.85,57
2025-01-01 09:30:02.990,f8241ded,1,Bid,149.86,108
2025-01-01 09:30:03.000,6c6255c4,2,Ask,149.9,18
2025-01-01 09:30:03.013,e761dfa0,1,Bid,149.86,124
2025-01-01 09:30:03.023,a9f5f6cc,1,Ask,149.89,84
2025-01-01 09:30:03.035,d4013913,1,Bid,149.87,91
2025-01-01 09:30:03.046,be545172,1,Bid,149.85,200
2025-01-01 09:30:03.068,90158d01,1,Bid,149.84,37
2025-01-01 09:30:03.063,25c246ca,1,Ask,149.87,84
2025-01-01 09:30:03.071,f0a43f79,1,Ask,149.86,264
2025-01-01 09:30:03.087,ad440eba,1,Bid,149.84,421
2025-01-01 09:30:03.091,99f17af6,2,Bid,149.86,66
2025-01-01 09:30:03.102,482da2e6,1,Ask,149.9,599
2025-01-01 09:30:03.110,2114611b,3,Ask,149.9,543
2025-01-01 09:30:03.120,c4785d7e,2,Bid,149.86,55
2025-01-01 09:30:03.146,9724fcef,2,Ask,149.9,116
2025-01-01 09:30:03.149,9f68c4b2,2,Ask,149.9,188
2025-01-01 09:30:03.155,655d3b39,2,Bid,149.89,36
2025-01-01 09:30:03.162,0fe156cb,1,Bid,149.89,32
2025-01-01 09:30:03.170,ec6e08f4,2,Bid,149.88,134
2025-01-01 09:30:03.180,52647ef0,1,Ask,149.89,164
2025-01-01 09:30:03.191,d8c48431,1,Ask,149.86,84
2025-01-01 09:30:03.203,3f1c24cf,2,Bid,149.81,36
2025-01-01 09:30:03.216,752d36af,1,Bid,149.79,202
2025-01-01 09:30:03.225,05523df4,1,Ask,149.86,83
2025-01-01 09:30:03.231,a285a03b,2,Ask,149.85,112
2025-01-01 09:30:03.255,ee541a48,1,Ask,149.84,34
2025-01-01 09:30:03.256,975e7b18,1,Bid,149.79,157
2025-01-01 09:30:03.264,7dd7ef86,1,Bid,149.81,110
2025-01-01 09:30:03.274,b76b4490,3,Ask,149.85,66
2025-01-01 09:30:03.282,3023130e,1,Bid,149.82,16
2025-01-01 09:30:03.291,e032430f,1,Bid,149.82,562
2025-01-01 09:30:03.302,8ca51a4f,1,Bid,149.8,43
2025-01-01 09:30:03.317,d8845d72,1,Bid,149.83,804
2025-01-01 09:30:03.320,d1412315,1,Ask,149.86,80
2025-01-01 09:30:03.330,4dcbcac8,1,Bid,149.82,255
2025-01-01 09:30:03.340,389e0743,2,Ask,149.87,209
2025-01-01 09:30:03.350,6913caa8,1,Bid,149.83,30
2025-01-01 09:30:03.369,7e3bc8d4,2,Bid,149.83,547
2025-01-01 09:30:03.376,90883af4,1,Bid,149.84,82
2025-01-01 09:30:03.383,040181e1,1,Ask,149.88,247
2025-01-01 09:30:03.390,a55599cb,1,Ask,149.88,11
2025-01-01 09:30:03.403,b1affdb0,1,Ask,149.9,61
2025-01-01 09:30:03.413,12a39e51,1,Ask,149.87,88
2025-01-01 09:30:03.420,45b3abaf,1,Bid,149.85,229
2025-01-01 09:30:03.432,f2eeea9a,1,Bid,149.83,96
2025-01-01 09:30:03.442,dfc0b9f3,1,Ask,149.88,581
2025-01-01 09:30:03.454,aec4c1fc,1,Ask,149.85,17
2025-01-01 09:30:03.465,dc85843a,1,Bid,149.85,38
2025-01-01 09:30:03.470,a3c5fda8,2,Ask,149.88,46
2025-01-01 09:30:03.482,8dc76000,3,Ask,149.89,30
2025-01-01 09:30:03.494,4b7ecec9,1,Ask,149.88,78
2025-01-01 09:30:03.503,e7a8efb1,3,Ask,149.86,17
2025-01-01 09:30:03.519,b1e73811,1,Bid,149.84,25
2025-01-01 09:30:03.525,6afec7be,1,Bid,149.86,13
2025-01-01 09:30:03.530,d1fea520,3,Bid,149.87,210
2025-01-01 09:30:03.540,49e6837e,1,Ask,149.9,43
2025-01-01 09:30:03.555,09bf16ff,2,Ask,149.9,80
2025-01-01 09:30:03.560,8de887ae,1,Ask,149.92,142
2025-01-01 09:30:03.574,c0fd83c8,1,Ask,149.91,67
2025-01-01 09:30:03.594,8be4417f,2,Bid,149.89,13
2025-01-01 09:30:03.594,a7d409bf,1,Bid,149.9,200
2025-01-01 09:30:03.602,01f5f2ab,1,Ask,149.94,69
2025-01-01 09:30:03.615,164053f3,1,Ask,149.96,639
2025-01-01 09:30:03.623,74aaf3d8,1,Bid,149.94,98
2025-01-01 09:30:03.633,4d33e3e7,1,Ask,149.98,118
2025-01-01 09:30:03.654,97550637,2,Bid,149.95,60
2025-01-01 09:30:03.652,73956bcd,1,Bid,149.97,113
2025-01-01 09:30:03.676,fd9977cf,1,Ask,150.03,265
2025-01-01 09:30:03.681,9fc956d1,1,Ask,150.02,450
2025-01-01 09:30:03.681,d2127a82,1,Ask,150.01,279
2025-01-01 09:30:03.690,7558187d,1,Ask,150.01,9
2025-01-01 09:30:03.700,7b0b5188,1,Bid,149.97,55
2025-01-01 09:30:03.710,fca7559f,1,Bid,149.98,35
2025-01-01 09:30:03.720,a663e1d8,1,Ask,150.01,174
2025-01-01 09:30:03.735,c2cf2ca1,1,Bid,149.98,37
2025-01-01 09:30:03.740,df5838cd,1,Bid,149.97,106
2025-01-01 09:30:03.751,dc0782d9,2,Bid,149.98,35
2025-01-01 09:30:03.769,f3185b2b,1,Ask,150.01,208
2025-01-01 09:30:03.770,6db96ff8,1,Bid,149.99,183
2025-01-01 09:30:03.788,abc081f9,1,Ask,150.0,96
2025-01-01 09:30:03.791,50814f3a,2,Ask,149.99,229
2025-01-01 09:30:03.800,ea449e42,1,Bid,149.97,295
2025-01-01 09:30:03.815,6f7565d4,2,Ask,150.02,103
2025-01-01 09:30:03.824,07f5c502,1,Bid,149.99,263
2025-01-01 09:30:03.840,6bd2e5ab,2,Ask,150.01,430
2025-01-01 09:30:03.846,fec8ee55,2,Bid,149.99,154
2025-01-01 09:30:03.858,636d8a4a,1,Ask,150.05,82
2025-01-01 09:30:03.861,7c2b2617,1,Bid,150.03,254
2025-01-01 09:30:03.870,058f5ea9,1,Bid,150.02,191
2025-01-01 09:30:03.886,673bd53c,2,Bid,150.02,33
2025-01-01 09:30:03.898,7c537650,1,Ask,150.05,54
2025-01-01 09:30:03.923,02763196,2,Ask,150.05,379
2025-01-01 09:30:03.912,e766d796,1,Bid,150.04,120
2025-01-01 09:30:03.922,ede9633d,2,Ask,150.08,155
2025-01-01 09:30:03.937,58baa1a2,3,Bid,150.04,83
2025-01-01 09:30:03.942,f9afb843,1,Ask,150.07,444
2025-01-01 09:30:03.963,0e7114c3,2,Bid,150.01,43
2025-01-01 09:30:03.969,c5250bf1,1,Bid,150.03,247
2025-01-01 09:30:03.972,f486b894,2,Ask,150.06,265
2025-01-01 09:30:03.986,00d37547,2,Bid,150.01,389
2025-01-01 09:30:03.997,d60d88b4,1,Bid,150.04,113
2025-01-01 09:30:04.000,302fe73e,1,Bid,150.05,254
2025-01-01 09:30:04.021,a5d31ea0,2,Ask,150.07,223
2025-01-01 09:30:04.023,ad3b04fb,1,Ask,150.08,78
2025-01-01 09:30:04.038,587c2c41,1,Ask,150.1,190
2025-01-01 09:30:04.041,51690852,2,Ask,150.09,132
2025-01-01 09:30:04.061,0b4dbc2a,1,Ask,150.08,454
2025-01-01 09:30:04.062,2db12631,1,Bid,150.05,90
2025-01-01 09:30:04.070,561d8091,1,Ask,150.06,225
2025-01-01 09:30:04.091,1fc77a91,1,Ask,150.05,205
2025-01-01 09:30:04.090,011a5734,3,Ask,150.05,43
2025-01-01 09:30:04.101,768da9be,2,Bid,150.03,57
2025-01-01 09:30:04.124,d5a22849,1,Bid,150.02,38
2025-01-01 09:30:04.135,2c66bef9,3,Ask,150.05,151
2025-01-01 09:30:04.134,d710ad1a,1,Ask,150.06,250
2025-01-01 09:30:04.144,13bcb09d,3,Ask,150.07,171
2025-01-01 09:30:04.152,1bf646eb,1,Ask,150.03,248
2025-01-01 09:30:04.161,8387cd55,1,Ask,150.03,166
2025-01-01 09:30:04.171,968f392f,1,Ask,150.03,25
2025-01-01 09:30:04.185,88a05cb1,1,Bid,150.0,119
2025-01-01 09:30:04.196,a2895830,1,Ask,150.02,166
2025-01-01 09:30:04.207,be4e46bf,1,Bid,150.0,288
2025-01-01 09:30:04.217,c66c3dba,1,Bid,150.01,160
2025-01-01 09:30:04.220,6fef9596,2,Bid,150.01,250
2025-01-01 09:30:04.233,6ff721ef,1,Bid,150.0,185
2025-01-01 09:30:04.240,171df91a,2,Ask,150.03,126
2025-01-01 09:30:04.253,2085f081,1,Ask,150.05,15
2025-01-01 09:30:04.262,2bb243a6,3,Bid,150.01,140
2025-01-01 09:30:04.280,7ebcc6f6,3,Ask,150.04,243
2025-01-01 09:30:04.282,957571fe,1,Bid,150.02,29
2025-01-01 09:30:04.290,bb383b6c,2,Bid,150.02,38
2025-01-01 09:30:04.300,519406be,1,Bid,150.01,214
2025-01-01 09:30:04.317,4dac1056,1,Bid,150.0,287
2025-01-01 09:30:04.324,57478502,1,Ask,150.05,24
2025-01-01 09:30:04.330,767a7838,2,Bid,150.02,95
2025-01-01 09:30:04.340,fdb86f10,2,Bid,150.04,194
2025-01-01 09:30:04.356,2ef35fb3,3,Ask,150.09,69
2025-01-01 09:30:04.360,e5a613e6,2,Ask,150.09,122
2025-01-01 09:30:04.378,9a92dc83,1,Ask,150.08,11
2025-01-01 09:30:04.386,b122f69f,1,Bid,150.05,289
2025-01-01 09:30:04.390,5d273dfc,1,Bid,150.04,51
2025-01-01 09:30:04.400,b83df5a1,2,Bid,150.04,162
2025-01-01 09:30:04.431,02f1d4fa,1,Bid,150.03,64
2025-01-01 09:30:04.422,a20f0a5d,1,Bid,150.03,11
2025-01-01 09:30:04.432,c8cf0d0f,2,Bid,150.02,18
2025-01-01 09:30:04.448,930880f2,1,Bid,150.02,89
2025-01-01 09:30:04.464,a31b5bee,2,Bid,150.01,119
2025-01-01 09:30:04.481,03918fc9,1,Ask,150.04,166
2025-01-01 09:30:04.476,7bc6ea7f,2,Ask,150.03,74
2025-01-01 09:30:04.482,9a3987cc,3,Bid,150.01,17
2025-01-01 09:30:04.490,b6e39fcf,1,Bid,150.02,25
2025-01-01 09:30:04.507,d930f7e9,1,Ask,150.05,54
2025-01-01 09:30:04.514,e41fea3c,1,Ask,150.07,85
2025-01-01 09:30:04.522,dc679205,1,Bid,150.04,189
2025-01-01 09:30:04.541,cf898ba6,1,Ask,150.06,80
2025-01-01 09:30:04.540,f6cb80bc,1,Bid,150.01,40
2025-01-01 09:30:04.553,7573d153,1,Ask,150.05,34
2025-01-01 09:30:04.560,c48ab8c9,1,Ask,150.05,132
2025-01-01 09:30:04.573,e270fd51,1,Bid,150.03,128
2025-01-01 09:30:04.580,c337576b,1,Bid,150.04,66
2025-01-01 09:30:04.590,b4afe3f0,1,Ask,150.08,57
2025-01-01 09:30:04.600,cff3d414,1,Ask,150.09,78
2025-01-01 09:30:04.615,b8ba2638,1,Ask,150.08,599
2025-01-01 09:30:04.626,9ae9b769,1,Bid,150.05,40
2025-01-01 09:30:04.634,b6f689c0,2,Bid,150.05,19
2025-01-01 09:30:04.656,b23c523c,2,Bid,150.04,66
2025-01-01 09:30:04.652,db3af116,1,Bid,150.02,135
2025-01-01 09:30:04.661,a0455efe,1,Bid,150.04,49
2025-01-01 09:30:04.680,d551f8e4,3,Ask,150.08,238
2025-01-01 09:30:04.681,a2573cbe,2,Ask,150.06,22
2025-01-01 09:30:04.706,8fee9b45,1,Bid,150.05,76
2025-01-01 09:30:04.700,cced0b11,1,Bid,150.05,90
2025-01-01 09:30:04.727,9fc2022e,1,Ask,150.08,125
2025-01-01 09:30:04.720,87daaeaf,3,Bid,150.06,93
2025-01-01 09:30:04.741,da91f87f,3,Ask,150.1,72
2025-01-01 09:30:04.743,ab333f77,1,Bid,150.06,41
2025-01-01 09:30:04.774,406b8246,1,Bid,150.05,107
2025-01-01 09:30:04.760,1a038e82,1,Ask,150.09,25
2025-01-01 09:30:04.774,76e760d2,1,Ask,150.09,23
2025-01-01 09:30:04.797,37eabb89,3,Ask,150.1,35
2025-01-01 09:30:04.793,143a8b87,1,Bid,150.08,50
2025-01-01 09:30:04.804,af6c96b3,1,Ask,150.11,109
2025-01-01 09:30:04.815,b701c332,1,Bid,150.08,541
2025-01-01 09:30:04.823,ca28df3c,1,Bid,150.07,99
2025-01-01 09:30:04.834,5acce39f,1,Ask,150.09,115
2025-01-01 09:30:04.844,90eb3edb,1,Ask,150.1,68
2025-01-01 09:30:04.861,2cb784f7,3,Ask,150.1,148
2025-01-01 09:30:04.860,93219519,1,Ask,150.1,66
2025-01-01 09:30:04.871,a9d10388,1,Ask,150.1,36
2025-01-01 09:30:04.895,3e27f1af,1,Ask,150.08,52
2025-01-01 09:30:04.901,da3c1d38,1,Ask,150.1,61
2025-01-01 09:30:04.903,99f60e7f,2,Ask,150.11,321
2025-01-01 09:30:04.914,07ed2cf6,1,Ask,150.1,120
2025-01-01 09:30:04.921,dbc8b05c,1,Bid,150.07,348
2025-01-01 09:30:04.931,f4267920,1,Bid,150.06,71
2025-01-01 09:30:04.943,db91235d,2,Ask,150.09,157
2025-01-01 09:30:04.952,ae2b5f3f,1,Ask,150.08,125
2025-01-01 09:30:04.964,0802ad5a,1,Bid,150.06,29
2025-01-01 09:30:04.970,485535b2,1,Ask,150.1,156
2025-01-01 09:30:04.998,f93a2e68,1,Bid,150.07,60
2025-01-01 09:30:05.011,45efb196,2,Bid,150.07,167
2025-01-01 09:30:05.005,de991867,1,Ask,150.14,562
2025-01-01 09:30:05.013,dafc7f4e,2,Ask,150.13,58
2025-01-01 09:30:05.021,9e0bd1ab,3,Bid,150.08,70
2025-01-01 09:30:05.038,928088c5,1,Ask,150.13,184
2025-01-01 09:30:05.045,92c7c147,1,Bid,150.07,141
2025-01-01 09:30:05.050,a0038c7d,2,Ask,150.1,34
2025-01-01 09:30:05.072,662755d4,1,Ask,150.1,495
2025-01-01 09:30:05.078,64b60d4e,1,Ask,150.1,29
2025-01-01 09:30:05.094,b6e5ad95,1,Ask,150.1,97
2025-01-01 09:30:05.096,02cae0b1,1,Bid,150.09,336
2025-01-01 09:30:05.104,3484ab03,1,Bid,150.09,62
2025-01-01 09:30:05.112,15adebf5,1,Bid,150.09,247
2025-01-01 09:30:05.133,828de774,1,Ask,150.11,46
2025-01-01 09:30:05.140,60acaa4f,1,Bid,150.09,86
2025-01-01 09:30:05.140,5e564afe,1,Bid,150.07,50
2025-01-01 09:30:05.150,4ea31719,1,Ask,150.11,280
2025-01-01 09:30:05.162,0f6c76a4,2,Bid,150.08,153
2025-01-01 09:30:05.178,38dd1235,1,Ask,150.11,63
2025-01-01 09:30:05.201,4a2807e4,1,Ask,150.14,67
2025-01-01 09:30:05.190,075a4462,1,Bid,150.11,279
2025-01-01 09:30:05.204,3ff48962,1,Ask,150.13,223
2025-01-01 09:30:05.212,388d4080,1,Ask,150.13,28
2025-01-01 09:30:05.237,04a9c701,1,Ask,150.13,108
2025-01-01 09:30:05.239,e11a21c8,3,Ask,150.12,15
2025-01-01 09:30:05.249,d20bcc27,1,Ask,150.12,356
2025-01-01 09:30:05.253,a6beeebc,1,Bid,150.07,466
2025-01-01 09:30:05.262,f0d1f4cb,1,Bid,150.06,38
2025-01-01 09:30:05.271,d7737ce5,1,Bid,150.08,412
2025-01-01 09:30:05.280,b2c3949d,1,Bid,150.09,29
2025-01-01 09:30:05.300,4b615af1,2,Ask,150.12,114
2025-01-01 09:30:05.308,a981d6fc,2,Bid,150.07,134
2025-01-01 09:30:05.350,e45d9097,1,Bid,150.08,29
2025-01-01 09:30:05.348,7d9540ff,1,Ask,150.1,64
2025-01-01 09:30:05.334,126076f5,2,Ask,150.09,147
2025-01-01 09:30:05.347,19f2418e,1,Ask,150.1,14
2025-01-01 09:30:05.364,749125ac,1,Ask,150.1,657
2025-01-01 09:30:05.369,92affb54,1,Ask,150.12,106
2025-01-01 09:30:05.371,bf456370,1,Bid,150.09,25
2025-01-01 09:30:05.382,7eb819f4,1,Ask,150.13,33
2025-01-01 09:30:05.390,23c9ac4f,1,Ask,150.13,273
2025-01-01 09:30:05.415,a907a371,1,Bid,150.12,196
2025-01-01 09:30:05.414,d229153f,3,Ask,150.17,155
2025-01-01 09:30:05.421,9fcd25f6,1,Ask,150.17,47
2025-01-01 09:30:05.435,4f7a1fdc,1,Bid,150.15,105
2025-01-01 09:30:05.444,1f834e1c,3,Bid,150.16,103
2025-01-01 09:30:05.452,0b0834a0,1,Bid,150.14,126
2025-01-01 09:30:05.460,e6b8b4e5,1,Bid,150.17,347
2025-01-01 09:30:05.475,e28ac906,2,Ask,150.2,365
2025-01-01 09:30:05.483,4ce541ed,1,Ask,150.21,39
2025-01-01 09:30:05.497,bbc49aa1,1,Bid,150.2,69
2025-01-01 09:30:05.503,3d210c45,1,Ask,150.22,238
2025-01-01 09:30:05.519,e518696c,1,Ask,150.23,142
2025-01-01 09:30:05.524,96d0ad70,1,Ask,150.24,2686
2025-01-01 09:30:05.534,76b11172,1,Ask,150.25,174
2025-01-01 09:30:05.550,76758a80,1,Ask,150.26,198
2025-01-01 09:30:05.552,35e28b2d,2,Bid,150.23,225
2025-01-01 09:30:05.560,e8344082,1,Ask,150.26,56
2025-01-01 09:30:05.570,8cf08263,3,Bid,150.22,107
2025-01-01 09:30:05.587,b1897e68,1,Bid,150.24,47
2025-01-01 09:30:05.594,ff480485,1,Bid,150.23,1842
2025-01-01 09:30:05.606,60fc4173,1,Bid,150.24,16
2025-01-01 09:30:05.611,dc8cb075,1,Bid,150.23,90
2025-01-01 09:30:05.620,fb2d2af3,1,Bid,150.23,803
2025-01-01 09:30:05.630,d0369d84,1,Bid,150.22,41
2025-01-01 09:30:05.642,bda93ff1,1,Bid,150.24,593
2025-01-01 09:30:05.654,d38dff1a,1,Ask,150.27,41
2025-01-01 09:30:05.662,5e39dfea,2,Ask,150.27,28
2025-01-01 09:30:05.672,85a066c5,1,Bid,150.26,503
2025-01-01 09:30:05.691,a24b12fc,1,Bid,150.26,67
2025-01-01 09:30:05.692,c9f35439,1,Bid,150.27,49
2025-01-01 09:30:05.703,a4f25a90,1,Ask,150.29,27
2025-01-01 09:30:05.717,847b9cf8,1,Ask,150.29,637
2025-01-01 09:30:05.722,5f02a783,1,Ask,150.31,367
2025-01-01 09:30:05.734,c398733e,2,Bid,150.28,58
2025-01-01 09:30:05.749,21ba486b,1,Ask,150.32,210
2025-01-01 09:30:05.764,581606e6,2,Bid,150.28,68
2025-01-01 09:30:05.760,832354f2,1,Bid,150.28,39
2025-01-01 09:30:05.783,2f419263,1,Ask,150.33,196
2025-01-01 09:30:05.783,3e47954f,1,Bid,150.29,72
2025-01-01 09:30:05.791,b26e7109,1,Ask,150.33,93
2025-01-01 09:30:05.803,ce4ddd0a,1,Ask,150.34,298
2025-01-01 09:30:05.829,3cdcab68,1,Bid,150.31,106
2025-01-01 09:30:05.823,f2a2ab9d,1,Ask,150.34,37
2025-01-01 09:30:05.831,57cbf4f7,1,Bid,150.31,120
2025-01-01 09:30:05.845,7e846071,1,Bid,150.32,11
2025-01-01 09:30:05.851,c40d80ff,1,Ask,150.36,105
2025-01-01 09:30:05.860,f5a0b052,2,Ask,150.34,121
2025-01-01 09:30:05.870,55577526,2,Ask,150.35,38
2025-01-01 09:30:05.880,5477a4a6,1,Bid,150.33,211
2025-01-01 09:30:05.890,59401abd,1,Ask,150.36,52
2025-01-01 09:30:05.900,33527197,1,Bid,150.34,93
2025-01-01 09:30:05.915,726a089c,3,Ask,150.37,74
2025-01-01 09:30:05.921,e4a6b65a,2,Ask,150.39,335
2025-01-01 09:30:05.932,672d4c05,1,Ask,150.38,23
2025-01-01 09:30:05.951,7509f47b,1,Ask,150.38,87
2025-01-01 09:30:05.953,35f355d0,3,Ask,150.39,50
2025-01-01 09:30:05.965,4ff6efe7,1,Ask,150.38,592
2025-01-01 09:30:05.970,7b6493bd,1,Bid,150.32,95
2025-01-01 09:30:05.981,2e1e0798,1,Ask,150.35,31
2025-01-01 09:30:05.990,861fce4c,1,Ask,150.36,61
2025-01-01 09:30:06.000,8d3b83a9,1,Bid,150.31,324
2025-01-01 09:30:06.011,22a51c28,1,Bid,150.32,155
2025-01-01 09:30:06.020,c79afe67,1,Ask,150.34,46
2025-01-01 09:30:06.030,1f420ee7,2,Bid,150.31,56
2025-01-01 09:30:06.040,80b2144b,2,Ask,150.32,295
2025-01-01 09:30:06.053,8b8297ec,1,Ask,150.31,21
2025-01-01 09:30:06.061,b1c8c8f5,2,Ask,150.32,195
2025-01-01 09:30:06.072,b691860f,1,Bid,150.3,114
2025-01-01 09:30:06.083,00b27a25,1,Ask,150.34,37
2025-01-01 09:30:06.095,0c698a6f,1,Ask,150.34,147
2025-01-01 09:30:06.100,2bc22946,2,Bid,150.3,41
2025-01-01 09:30:06.118,e9644f94,2,Bid,150.28,19
2025-01-01 09:30:06.124,ddf37626,1,Ask,150.31,77
2025-01-01 09:30:06.130,c132dcaa,1,Ask,150.3,72
2025-01-01 09:30:06.150,2794b4cc,1,Ask,150.31,470
2025-01-01 09:30:06.162,145c8c5f,1,Ask,150.3,32
2025-01-01 09:30:06.160,da96519f,1,Ask,150.29,14
2025-01-01 09:30:06.171,63fda09d,1,Ask,150.29,22
2025-01-01 09:30:06.188,f98681ca,1,Ask,150.29,97
2025-01-01 09:30:06.196,5547c80d,2,Ask,150.27,37
2025-01-01 09:30:06.201,6dce5c3a,1,Ask,150.3,27
2025-01-01 09:30:06.211,c6b042ec,1,Ask,150.3,74
2025-01-01 09:30:06.222,e6621e2c,1,Bid,150.26,58
2025-01-01 09:30:06.233,8be2854c,1,Ask,150.32,227
2025-01-01 09:30:06.244,f650bb1d,1,Bid,150.29,226
2025-01-01 09:30:06.252,4d935202,1,Ask,150.34,62
2025-01-01 09:30:06.263,17eb72d6,1,Bid,150.31,84
2025-01-01 09:30:06.276,529bd700,1,Bid,150.32,826
2025-01-01 09:30:06.280,29a44af2,1,Ask,150.34,1385
2025-01-01 09:30:06.291,a850456d,1,Ask,150.33,1383
2025-01-01 09:30:06.306,a4fe0be2,1,Ask,150.34,117
2025-01-01 09:30:06.321,701a6408,2,Ask,150.34,72
2025-01-01 09:30:06.323,99a44be3,3,Bid,150.3,26
2025-01-01 09:30:06.333,42ac3568,1,Bid,150.27,273
2025-01-01 09:30:06.340,ccfc71fc,1,Bid,150.29,150
2025-01-01 09:30:06.352,9ffc99ec,1,Bid,150.28,52
2025-01-01 09:30:06.363,a5c84fd1,2,Ask,150.3,143
2025-01-01 09:30:06.371,c87ebf21,1,Ask,150.31,57
2025-01-01 09:30:06.381,ec7ba6b8,1,Bid,150.28,45
2025-01-01 09:30:06.392,48977f85,2,Bid,150.28,158
2025-01-01 09:30:06.400,53fb9038,1,Ask,150.34,479
2025-01-01 09:30:06.411,f9b153b9,1,Ask,150.35,424
2025-01-01 09:30:06.421,17347aba,1,Bid,150.31,11
2025-01-01 09:30:06.431,063a1714,1,Ask,150.35,154
2025-01-01 09:30:06.440,738c4256,2,Ask,150.35,103
2025-01-01 09:30:06.461,9e65a3bb,1,Ask,150.35,101
2025-01-01 09:30:06.464,31717223,2,Bid,150.33,104
2025-01-01 09:30:06.475,a6aed5de,3,Ask,150.34,75
2025-01-01 09:30:06.487,0f0d2000,1,Bid,150.32,8
2025-01-01 09:30:06.493,ea4f2d68,1,Bid,150.32,179
2025-01-01 09:30:06.500,c6fd3e71,1,Bid,150.33,227
2025-01-01 09:30:06.513,2cfcb748,2,Bid,150.34,166
2025-01-01 09:30:06.524,d48a52b9,1,Ask,150.38,83
2025-01-01 09:30:06.536,c59e5dbc,1,Ask,150.38,23
2025-01-01 09:30:06.542,7935b038,1,Bid,150.36,117
2025-01-01 09:30:06.550,7689884b,3,Ask,150.39,78
2025-01-01 09:30:06.561,ca7da85a,3,Bid,150.32,1036
2025-01-01 09:30:06.572,80b5ff93,1,Bid,150.34,59
2025-01-01 09:30:06.585,887d8dca,3,Ask,150.39,463
2025-01-01 09:30:06.594,bfb6fe3d,2,Bid,150.36,82
2025-01-01 09:30:06.602,5d1699ad,1,Bid,150.38,25
2025-01-01 09:30:06.631,516e708c,1,Bid,150.38,76
2025-01-01 09:30:06.624,bcc6b1ec,1,Ask,150.41,101
2025-01-01 09:30:06.631,be702d7d,1,Ask,150.41,64
2025-01-01 09:30:06.640,f3f648b7,1,Ask,150.42,74
2025-01-01 09:30:06.650,0d1513b8,2,Ask,150.43,135
2025-01-01 09:30:06.661,3989f7cc,1,Ask,150.42,93
2025-01-01 09:30:06.670,b9799ff9,1,Ask,150.42,209
2025-01-01 09:30:06.681,0f50052c,2,Bid,150.41,210
2025-01-01 09:30:06.691,c8202c7c,1,Bid,150.39,73
2025-01-01 09:30:06.700,a6fac786,1,Ask,150.44,28
2025-01-01 09:30:06.721,324a86c2,1,Bid,150.4,107
2025-01-01 09:30:06.720,15d74d8b,1,Bid,150.42,186
2025-01-01 09:30:06.733,02d339cb,2,Ask,150.48,53
2025-01-01 09:30:06.742,db5378ea,2,Ask,150.47,61
2025-01-01 09:30:06.770,c5b290b1,3,Ask,150.46,162
2025-01-01 09:30:06.760,f024c4f2,2,Ask,150.46,333
2025-01-01 09:30:06.772,9d336ef9,1,Bid,150.42,1310
2025-01-01 09:30:06.797,65377ca5,1,Bid,150.41,157
2025-01-01 09:30:06.800,4b163a78,1,Ask,150.45,118
2025-01-01 09:30:06.808,1aab2662,1,Ask,150.43,52
2025-01-01 09:30:06.811,9f37c07a,1,Ask,150.43,866
2025-01-01 09:30:06.820,57225753,2,Ask,150.43,865
2025-01-01 09:30:06.835,e7d72103,1,Ask,150.43,137
2025-01-01 09:30:06.853,dc1d18ac,3,Bid,150.4,39
2025-01-01 09:30:06.854,8a711faf,3,Ask,150.43,14
2025-01-01 09:30:06.864,091b4256,1,Ask,150.42,87
2025-01-01 09:30:06.871,677e8d05,2,Ask,150.39,39
2025-01-01 09:30:06.887,5afa7efe,1,Bid,150.39,517
2025-01-01 09:30:06.891,84e7f576,1,Bid,150.39,67
2025-01-01 09:30:06.901,16c268d3,2,Ask,150.44,212
2025-01-01 09:30:06.912,7891b530,1,Bid,150.41,181
2025-01-01 09:30:06.923,f020e3ab,3,Bid,150.43,16
2025-01-01 09:30:06.931,ad6b36d3,1,Bid,150.44,104
2025-01-01 09:30:06.940,0175f190,2,Bid,150.45,149
2025-01-01 09:30:06.954,960ebab5,1,Bid,150.45,253
2025-01-01 09:30:06.961,a8dd14a1,1,Ask,150.46,10
2025-01-01 09:30:06.974,3f81aa1e,1,Bid,150.44,1250
2025-01-01 09:30:06.980,46f3c901,1,Bid,150.45,57
2025-01-01 09:30:06.993,147c71d0,2,Bid,150.45,16
2025-01-01 09:30:07.003,4b4b5895,1,Ask,150.5,106
2025-01-01 09:30:07.010,b15be90b,3,Ask,150.49,92
2025-01-01 09:30:07.022,a5b82ef7,1,Bid,150.46,65
2025-01-01 09:30:07.030,b8256dcb,1,Ask,150.5,98
2025-01-01 09:30:07.040,23395467,1,Bid,150.47,441
2025-01-01 09:30:07.073,e4e2271b,3,Bid,150.46,32
2025-01-01 09:30:07.061,74928733,2,Bid,150.47,677
2025-01-01 09:30:07.078,c88f21f4,1,Bid,150.47,287
2025-01-01 09:30:07.081,d8b292e1,1,Ask,150.48,213
2025-01-01 09:30:07.095,81bfd36d,1,Ask,150.5,42
2025-01-01 09:30:07.107,5853ec89,2,Bid,150.48,151
2025-01-01 09:30:07.114,36f06643,1,Ask,150.48,697
2025-01-01 09:30:07.123,edf9dd5c,2,Bid,150.45,204
2025-01-01 09:30:07.132,c136a825,1,Ask,150.51,29
2025-01-01 09:30:07.142,72b37b50,2,Ask,150.5,20
2025-01-01 09:30:07.163,53adb9db,1,Ask,150.51,20
2025-01-01 09:30:07.168,6488479c,2,Ask,150.5,384
2025-01-01 09:30:07.186,80bbcc89,1,Ask,150.49,34
2025-01-01 09:30:07.180,cc0ebe3c,1,Ask,150.49,116
2025-01-01 09:30:07.196,7a194d02,1,Ask,150.49,280
2025-01-01 09:30:07.213,b95b5ce4,1,Ask,150.49,141
2025-01-01 09:30:07.210,1f1f1b82,1,Ask,150.49,16
2025-01-01 09:30:07.220,a24cd027,2,Ask,150.52,52
2025-01-01 09:30:07.236,e713cae4,2,Bid,150.48,134
2025-01-01 09:30:07.244,b7ad0c15,1,Bid,150.47,74
2025-01-01 09:30:07.259,2f3cba14,3,Ask,150.53,429
2025-01-01 09:30:07.260,c323b601,1,Ask,150.51,71
2025-01-01 09:30:07.277,4cc31aca,2,Ask,150.52,171
2025-01-01 09:30:07.281,c0045894,1,Ask,150.53,170
2025-01-01 09:30:07.290,4bb54a43,1,Ask,150.53,80
2025-01-01 09:30:07.300,e48e1881,1,Bid,150.51,96
2025-01-01 09:30:07.318,42a2fb78,1,Ask,150.54,76
2025-01-01 09:30:07.325,94971539,1,Ask,150.57,673
2025-01-01 09:30:07.333,7f0e5860,1,Ask,150.54,296
2025-01-01 09:30:07.342,d137b569,1,Ask,150.55,977
2025-01-01 09:30:07.360,d7cb37f2,3,Bid,150.51,88
2025-01-01 09:30:07.362,c950d999,2,Ask,150.52,16
2025-01-01 09:30:07.378,2de079f0,1,Bid,150.49,10
2025-01-01 09:30:07.382,6083cf76,3,Ask,150.51,26
2025-01-01 09:30:07.392,30a2ce61,3,Ask,150.51,173
2025-01-01 09:30:07.403,caab1c03,1,Ask,150.51,226
2025-01-01 09:30:07.411,cbc7ec47,1,Ask,150.51,219
2025-01-01 09:30:07.426,7971bb45,2,Bid,150.47,1539
2025-01-01 09:30:07.433,b9b1e328,2,Ask,150.48,28
2025-01-01 09:30:07.441,cf19ecd8,1,Ask,150.51,87
2025-01-01 09:30:07.461,ad2e09ff,2,Bid,150.48,267
2025-01-01 09:30:07.462,61a3c3fe,2,Ask,150.49,101
2025-01-01 09:30:07.473,d91c79be,2,Ask,150.47,26
2025-01-01 09:30:07.491,88298f19,3,Bid,150.45,228
2025-01-01 09:30:07.494,8c7ef02d,2,Ask,150.48,78
2025-01-01 09:30:07.500,7556590a,1,Ask,150.49,78
2025-01-01 09:30:07.524,65959a0e,2,Bid,150.47,57
2025-01-01 09:30:07.524,73f34512,1,Bid,150.49,48
2025-01-01 09:30:07.532,64d9c408,1,Bid,150.48,209
2025-01-01 09:30:07.540,bec5b72d,1,Ask,150.53,342
2025-01-01 09:30:07.557,561a0649,1,Ask,150.53,957
2025-01-01 09:30:07.564,41275592,1,Bid,150.51,56
2025-01-01 09:30:07.573,98363884,1,Ask,150.54,142
2025-01-01 09:30:07.591,e6303fd4,1,Bid,150.53,254
2025-01-01 09:30:07.597,3c5ff4e7,1,Ask,150.56,458
2025-01-01 09:30:07.600,b9e843fc,1,Ask,150.57,40
2025-01-01 09:30:07.611,760a40e5,1,Bid,150.54,83
2025-01-01 09:30:07.621,125f6eb0,1,Bid,150.53,98
2025-01-01 09:30:07.636,7bb2a21b,1,Bid,150.53,50
2025-01-01 09:30:07.640,14a5e3a7,3,Ask,150.56,59
2025-01-01 09:30:07.654,b1290e3a,1,Ask,150.54,32
2025-01-01 09:30:07.667,3cf1fa57,1,Bid,150.51,327
2025-01-01 09:30:07.680,d02bac61,1,Ask,150.53,78
2025-01-01 09:30:07.682,c7672592,3,Bid,150.5,56
2025-01-01 09:30:07.698,0a1a848e,2,Bid,150.5,36
2025-01-01 09:30:07.700,7ebbed39,1,Bid,150.51,139
2025-01-01 09:30:07.719,01950dac,2,Ask,150.54,560
2025-01-01 09:30:07.720,de269758,1,Bid,150.53,86
2025-01-01 09:30:07.732,2c21b664,1,Bid,150.5,115
2025-01-01 09:30:07.747,c2657338,1,Bid,150.5,146
2025-01-01 09:30:07.750,7a5cbdc6,1,Ask,150.55,99
2025-01-01 09:30:07.761,64af86b5,2,Bid,150.49,19
2025-01-01 09:30:07.776,dca14603,1,Bid,150.5,81
2025-01-01 09:30:07.786,5873a467,3,Ask,150.53,60
2025-01-01 09:30:07.795,a23c3278,3,Ask,150.57,188
2025-01-01 09:30:07.805,d1aecef1,1,Ask,150.56,153
2025-01-01 09:30:07.813,52bcc419,1,Bid,150.54,86
2025-01-01 09:30:07.821,420737e9,1,Bid,150.55,155
2025-01-01 09:30:07.832,c35cb20a,1,Bid,150.53,94
2025-01-01 09:30:07.841,f28a7d42,1,Bid,150.52,34
2025-01-01 09:30:07.861,ded8813a,2,Ask,150.56,55
2025-01-01 09:30:07.864,67d288a0,1,Bid,150.52,134
2025-01-01 09:30:07.872,3e8ed6cf,1,Ask,150.55,52
2025-01-01 09:30:07.883,f79d57b7,2,Bid,150.52,405
2025-01-01 09:30:07.904,83f55931,3,Bid,150.52,66
2025-01-01 09:30:07.900,9677918b,1,Ask,150.55,35
2025-01-01 09:30:07.914,e4a862c2,2,Bid,150.53,600
2025-01-01 09:30:07.923,771aad8e,1,Bid,150.52,147
2025-01-01 09:30:07.934,fcace7b2,1,Ask,150.53,610
2025-01-01 09:30:07.940,9468afca,1,Ask,150.53,150
2025-01-01 09:30:07.960,42613811,1,Ask,150.54,51
2025-01-01 09:30:07.973,16428c98,1,Bid,150.5,96
2025-01-01 09:30:07.974,8b14cc86,1,Ask,150.54,63
2025-01-01 09:30:07.985,23f12bb9,1,Ask,150.54,329
2025-01-01 09:30:08.002,433b8142,1,Bid,150.51,119
2025-01-01 09:30:08.006,295f1b24,1,Ask,150.54,2057
2025-01-01 09:30:08.010,00fba7b7,1,Bid,150.5,130
2025-01-01 09:30:08.024,625058a0,1,Bid,150.51,1464
2025-01-01 09:30:08.034,10ac2b1b,1,Bid,150.51,65
2025-01-01 09:30:08.042,7e25a86e,1,Ask,150.53,40
2025-01-01 09:30:08.056,185da576,1,Bid,150.52,155
2025-01-01 09:30:08.073,c6ce3cd0,3,Bid,150.5,63
2025-01-01 09:30:08.082,8400c124,2,Bid,150.51,367
2025-01-01 09:30:08.082,eb84a6ba,2,Ask,150.53,176
2025-01-01 09:30:08.090,c617977e,1,Bid,150.51,44
2025-01-01 09:30:08.120,6285c029,1,Bid,150.51,111
2025-01-01 09:30:08.119,588b9330,1,Ask,150.53,574
2025-01-01 09:30:08.120,e3471acf,1,Ask,150.52,276
2025-01-01 09:30:08.142,f53bb565,1,Ask,150.54,25
2025-01-01 09:30:08.150,15dc408b,2,Ask,150.56,584
2025-01-01 09:30:08.153,fee436a6,1,Ask,150.55,311
2025-01-01 09:30:08.164,627b7a40,1,Bid,150.51,182
2025-01-01 09:30:08.172,836c98ee,1,Ask,150.55,425
2025-01-01 09:30:08.180,2dacdebb,1,Ask,150.56,134
2025-01-01 09:30:08.192,145ed448,1,Bid,150.54,55
2025-01-01 09:30:08.208,3d0ed915,3,Bid,150.53,467
2025-01-01 09:30:08.210,4d487c55,2,Bid,150.54,31
2025-01-01 09:30:08.222,6c499e76,3,Ask,150.57,48
2025-01-01 09:30:08.232,0269f8f8,1,Bid,150.55,718
2025-01-01 09:30:08.243,8ea9a455,1,Bid,150.53,45
2025-01-01 09:30:08.262,f5b69374,1,Ask,150.56,161
2025-01-01 09:30:08.262,4b23eb4d,1,Ask,150.57,139
2025-01-01 09:30:08.272,8eb4c52a,2,Ask,150.58,27
2025-01-01 09:30:08.286,7358eba3,1,Ask,150.58,64
2025-01-01 09:30:08.293,e259edd5,1,Bid,150.56,28
2025-01-01 09:30:08.301,6cf0bd19,1,Ask,150.57,118
2025-01-01 09:30:08.313,507d87d8,3,Ask,150.57,53
2025-01-01 09:30:08.320,ef455242,2,Ask,150.56,257
2025-01-01 09:30:08.330,c3032f4e,3,Bid,150.52,857
2025-01-01 09:30:08.343,1e9632e5,1,Ask,150.56,70
2025-01-01 09:30:08.352,88cf73d5,1,Ask,150.55,246
2025-01-01 09:30:08.372,fe26ee56,1,Ask,150.55,2
2025-01-01 09:30:08.372,9dcb6716,1,Ask,150.57,185
2025-01-01 09:30:08.384,8b2fb974,1,Ask,150.56,352
2025-01-01 09:30:08.395,82c32a39,2,Bid,150.54,69
2025-01-01 09:30:08.400,7f4939d1,2,Bid,150.54,13
2025-01-01 09:30:08.415,a1ec6ed8,1,Ask,150.58,181
2025-01-01 09:30:08.420,55b9f3bd,1,Bid,150.56,144
2025-01-01 09:30:08.446,015a2ee3,1,Ask,150.57,199
2025-01-01 09:30:08.440,6baf34a7,1,Bid,150.57,120
2025-01-01 09:30:08.452,38b9d24a,3,Ask,150.59,132
2025-01-01 09:30:08.460,0a995258,1,Ask,150.57,29
2025-01-01 09:30:08.498,0e406480,3,Bid,150.56,211
2025-01-01 09:30:08.483,21c95b06,1,Bid,150.57,554
2025-01-01 09:30:08.494,80c49ff9,1,Bid,150.56,31
2025-01-01 09:30:08.500,7e3ee38d,1,Bid,150.54,92
2025-01-01 09:30:08.516,28c87412,2,Bid,150.53,48
2025-01-01 09:30:08.521,ef136b19,1,Ask,150.54,60
2025-01-01 09:30:08.541,17361341,1,Ask,150.56,126
2025-01-01 09:30:08.541,890ac30c,1,Ask,150.55,134
2025-01-01 09:30:08.551,f5e7246b,1,Bid,150.53,66
2025-01-01 09:30:08.560,d50944ff,2,Ask,150.52,433
2025-01-01 09:30:08.573,34071f2c,1,Ask,150.54,231
2025-01-01 09:30:08.584,98f690dc,1,Bid,150.49,183
2025-01-01 09:30:08.590,b819e81f,1,Ask,150.56,643
2025-01-01 09:30:08.607,5039d2ba,1,Ask,150.54,92
2025-01-01 09:30:08.613,1c74c0fe,3,Ask,150.52,59
2025-01-01 09:30:08.623,d8fa2129,3,Bid,150.49,196
2025-01-01 09:30:08.632,7940925e,3,Bid,150.47,75
2025-01-01 09:30:08.642,8d1331b9,1,Ask,150.5,487
2025-01-01 09:30:08.654,c8bc3ef5,2,Bid,150.49,87
2025-01-01 09:30:08.660,35fc29c9,2,Ask,150.52,256
2025-01-01 09:30:08.671,c6e618d6,1,Ask,150.51,40
2025-01-01 09:30:08.689,4f436049,1,Ask,150.51,41
2025-01-01 09:30:08.704,d6cd24b5,2,Ask,150.48,59
2025-01-01 09:30:08.702,a9979b38,1,Bid,150.47,130
2025-01-01 09:30:08.711,60c6918d,1,Ask,150.51,275
2025-01-01 09:30:08.725,8fddf295,1,Ask,150.53,574
2025-01-01 09:30:08.732,c59dacc8,2,Ask,150.51,75
2025-01-01 09:30:08.740,8bb83095,2,Ask,150.52,103
2025-01-01 09:30:08.750,405a9935,1,Ask,150.53,76
2025-01-01 09:30:08.766,27191f7c,1,Bid,150.49,95
2025-01-01 09:30:08.775,0d841908,3,Bid,150.52,57
2025-01-01 09:30:08.780,cdcbfcee,1,Ask,150.54,27
2025-01-01 09:30:08.791,dd47373d,1,Ask,150.52,103
2025-01-01 09:30:08.801,31c0107f,3,Bid,150.49,65
2025-01-01 09:30:08.815,db43d3a2,1,Ask,150.51,217
2025-01-01 09:30:08.820,35efe118,1,Bid,150.49,54
2025-01-01 09:30:08.830,dcfd395e,1,Bid,150.5,51
2025-01-01 09:30:08.848,7058da1e,1,Bid,150.49,124
2025-01-01 09:30:08.850,0d0b5083,1,Bid,150.47,40
2025-01-01 09:30:08.865,17617de0,1,Bid,150.48,166
2025-01-01 09:30:08.871,32a03ec1,3,Bid,150.46,255
2025-01-01 09:30:08.880,bd32dbbd,1,Bid,150.46,56
2025-01-01 09:30:08.891,9effbba4,1,Bid,150.46,16
2025-01-01 09:30:08.906,234c88d3,1,Bid,150.46,195
2025-01-01 09:30:08.919,af7ebde5,3,Bid,150.47,76
2025-01-01 09:30:08.928,e853b7b2,3,Ask,150.49,29
2025-01-01 09:30:08.932,d08f262c,2,Ask,150.51,21
2025-01-01 09:30:08.945,6e6acff3,2,Bid,150.5,154
2025-01-01 09:30:08.951,30cc0bab,1,Bid,150.49,36
2025-01-01 09:30:08.961,3f3bed80,1,Bid,150.51,925
2025-01-01 09:30:08.981,fdb10d50,3,Ask,150.55,36
2025-01-01 09:30:08.980,b78c8f3a,1,Ask,150.57,142
2025-01-01 09:30:08.990,21765d95,1,Bid,150.54,118
2025-01-01 09:30:09.001,f35958c0,1,Ask,150.56,24
2025-01-01 09:30:09.010,58b18187,2,Bid,150.53,462
2025-01-01 09:30:09.021,5f2411e0,1,Ask,150.56,38
2025-01-01 09:30:09.034,5e338613,1,Bid,150.54,1240
2025-01-01 09:30:09.042,0310f568,1,Bid,150.54,35
2025-01-01 09:30:09.061,fed8a574,1,Bid,150.54,520
2025-01-01 09:30:09.068,f4eeff32,2,Ask,150.58,51
2025-01-01 09:30:09.072,1d653c56,1,Bid,150.56,322
2025-01-01 09:30:09.081,8a4700bb,2,Ask,150.59,156
2025-01-01 09:30:09.092,651083e4,1,Bid,150.56,17
2025-01-01 09:30:09.104,ed358d93,1,Ask,150.59,658
2025-01-01 09:30:09.111,4eb46914,1,Bid,150.56,28
2025-01-01 09:30:09.124,a0670c4f,1,Ask,150.62,100
2025-01-01 09:30:09.132,6b1c0541,1,Ask,150.61,42
2025-01-01 09:30:09.144,c9527c65,1,Bid,150.57,108
2025-01-01 09:30:09.152,66c67fc5,2,Bid,150.58,211
2025-01-01 09:30:09.161,50563eae,1,Bid,150.57,74
2025-01-01 09:30:09.184,f449988c,2,Ask,150.58,26
2025-01-01 09:30:09.187,e5ec0a55,2,Ask,150.59,54
2025-01-01 09:30:09.190,ba1c39f0,1,Ask,150.59,113
2025-01-01 09:30:09.210,408aaa29,1,Bid,150.55,38
2025-01-01 09:30:09.213,6d95c7f5,1,Bid,150.55,219
2025-01-01 09:30:09.231,38550477,2,Bid,150.54,34
2025-01-01 09:30:09.238,6c9435a2,1,Ask,150.55,178
2025-01-01 09:30:09.242,414121a0,1,Ask,150.55,53
2025-01-01 09:30:09.250,f71c10b9,1,Ask,150.57,1130
2025-01-01 09:30:09.261,2cb885af,2,Ask,150.55,177
2025-01-01 09:30:09.273,bf13fa3e,1,Bid,150.54,258
2025-01-01 09:30:09.285,f45d93d2,1,Bid,150.53,65
2025-01-01 09:30:09.291,587722fc,1,Ask,150.57,241
2025-01-01 09:30:09.300,ffeae248,1,Ask,150.57,99
2025-01-01 09:30:09.319,80fcb5c9,3,Ask,150.59,84
2025-01-01 09:30:09.340,db1a6f73,1,Bid,150.55,163
2025-01-01 09:30:09.333,6245b18a,3,Ask,150.59,27
2025-01-01 09:30:09.340,385a8087,2,Ask,150.59,60
2025-01-01 09:30:09.351,2576962e,2,Ask,150.59,50
2025-01-01 09:30:09.360,8e809acc,2,Ask,150.57,734
2025-01-01 09:30:09.382,ed0bb0a6,2,Bid,150.55,416
2025-01-01 09:30:09.380,10b83fa8,1,Ask,150.56,49
2025-01-01 09:30:09.394,81553265,2,Ask,150.56,208
2025-01-01 09:30:09.401,6ee977bb,3,Ask,150.54,68
2025-01-01 09:30:09.414,6eb3e1f0,1,Bid,150.51,210
2025-01-01 09:30:09.425,ca0c6af9,1,Ask,150.52,273
2025-01-01 09:30:09.438,6c9ca414,1,Ask,150.53,79
2025-01-01 09:30:09.441,b9dffbf4,2,Bid,150.46,46
2025-01-01 09:30:09.450,3ee7ffdd,1,Bid,150.48,118
2025-01-01 09:30:09.460,f76661f9,1,Bid,150.49,93
2025-01-01 09:30:09.481,c7fd9e0d,1,Bid,150.46,125
2025-01-01 09:30:09.490,74298f89,1,Ask,150.5,190
2025-01-01 09:30:09.494,8dd3bf02,1,Ask,150.49,132
2025-01-01 09:30:09.504,012c1b8e,3,Ask,150.5,201
2025-01-01 09:30:09.515,d9ba7a47,1,Bid,150.47,76
2025-01-01 09:30:09.520,19066476,1,Ask,150.47,113
2025-01-01 09:30:09.542,8bb26db4,1,Bid,150.47,46
2025-01-01 09:30:09.542,03b21ca4,1,Ask,150.49,63
2025-01-01 09:30:09.552,43cca8ff,1,Ask,150.47,232
2025-01-01 09:30:09.563,1b40052e,2,Ask,150.49,12
2025-01-01 09:30:09.570,7389e65d,1,Bid,150.44,343
2025-01-01 09:30:09.580,b9199f38,1,Ask,150.47,122
2025-01-01 09:30:09.596,6aaced38,3,Bid,150.46,33
2025-01-01 09:30:09.600,caf34830,1,Bid,150.43,211
2025-01-01 09:30:09.614,5db2f38d,1,Bid,150.44,134
2025-01-01 09:30:09.621,dfd7c41f,2,Ask,150.45,167
2025-01-01 09:30:09.632,adbd1615,1,Bid,150.41,119
2025-01-01 09:30:09.641,d42f364b,1,Bid,150.42,51
2025-01-01 09:30:09.652,0d741f55,1,Bid,150.43,79
2025-01-01 09:30:09.666,8b95c8cb,1,Bid,150.44,111
2025-01-01 09:30:09.671,04116bdc,1,Bid,150.45,183
2025-01-01 09:30:09.684,cdacf5b9,2,Bid,150.46,56
2025-01-01 09:30:09.693,6544c016,1,Bid,150.44,58
2025-01-01 09:30:09.705,bc5ad2a0,1,Bid,150.46,368
2025-01-01 09:30:09.723,f06e0372,1,Bid,150.44,126
2025-01-01 09:30:09.726,90d642b8,1,Bid,150.43,121
2025-01-01 09:30:09.731,5aaca9c1,3,Bid,150.43,833
2025-01-01 09:30:09.740,57fddef1,2,Bid,150.42,214
2025-01-01 09:30:09.751,bc8ff5a0,1,Ask,150.43,572
2025-01-01 09:30:09.764,5b6b023a,1,Bid,150.4,181
2025-01-01 09:30:09.770,9d6f0857,1,Ask,150.44,158
2025-01-01 09:30:09.783,5c8686f4,1,Ask,150.45,850
2025-01-01 09:30:09.794,48553551,1,Bid,150.41,49
2025-01-01 09:30:09.802,d7e8a018,3,Ask,150.46,34
2025-01-01 09:30:09.817,7a10c6f6,1,Bid,150.41,271
2025-01-01 09:30:09.820,4e3dc73d,1,Bid,150.4,73
2025-01-01 09:30:09.830,abbb096e,1,Ask,150.43,141
2025-01-01 09:30:09.846,7ecac38b,1,Ask,150.42,126
2025-01-01 09:30:09.853,cd0037ec,1,Bid,150.39,68
2025-01-01 09:30:09.865,cfeca143,1,Bid,150.4,61
2025-01-01 09:30:09.872,c426a84f,1,Ask,150.41,117
2025-01-01 09:30:09.881,e9fb7e04,3,Ask,150.42,61
2025-01-01 09:30:09.898,4a51067d,1,Ask,150.42,170
2025-01-01 09:30:09.908,40940359,1,Bid,150.37,125
2025-01-01 09:30:09.915,4644f19e,1,Ask,150.41,388
2025-01-01 09:30:09.921,40a5b0e5,1,Ask,150.4,95
2025-01-01 09:30:09.934,216ef5e9,1,Bid,150.38,211
2025-01-01 09:30:09.942,76086366,2,Bid,150.39,192
2025-01-01 09:30:09.950,1d392a3e,3,Bid,150.38,246
2025-01-01 09:30:09.972,188790f5,1,Bid,150.37,220
2025-01-01 09:30:09.970,86f3594d,1,Bid,150.37,80
2025-01-01 09:30:09.995,c976cc48,1,Bid,150.38,41
2025-01-01 09:30:09.992,28bb92d1,1,Bid,150.39,117
2025-01-01 09:30:10.001,be03872c,1,Bid,150.39,201
2025-01-01 09:30:10.013,86357a86,1,Bid,150.4,37
2025-01-01 09:30:10.030,bcfa9115,1,Ask,150.43,201
2025-01-01 09:30:10.036,b231f77f,1,Ask,150.42,77
2025-01-01 09:30:10.048,8afb426b,1,Ask,150.43,261
2025-01-01 09:30:10.055,1ab01e49,2,Ask,150.44,133
2025-01-01 09:30:10.065,0baa55b7,1,Bid,150.42,387
2025-01-01 09:30:10.079,e24c7898,2,Ask,150.45,563
2025-01-01 09:30:10.081,69e44bf8,2,Ask,150.44,38
2025-01-01 09:30:10.093,42953b13,3,Ask,150.46,47
2025-01-01 09:30:10.101,f338d4e3,2,Ask,150.48,179
2025-01-01 09:30:10.131,6d8d333e,1,Ask,150.47,210
2025-01-01 09:30:10.134,46b188b8,1,Bid,150.44,86
2025-01-01 09:30:10.130,fc4dca1a,1,Bid,150.43,109
2025-01-01 09:30:10.146,42265cbd,2,Ask,150.45,38
2025-01-01 09:30:10.162,b600a772,1,Bid,150.43,47
2025-01-01 09:30:10.160,f8b0c475,1,Bid,150.42,89
2025-01-01 09:30:10.174,70e4d7e5,1,Bid,150.4,482
2025-01-01 09:30:10.192,26afbfd9,2,Ask,150.44,49
2025-01-01 09:30:10.190,72111fed,1,Ask,150.44,235
2025-01-01 09:30:10.205,458b4560,1,Bid,150.43,108
2025-01-01 09:30:10.211,7e807ed5,1,Bid,150.43,692
2025-01-01 09:30:10.232,2f2c990c,1,Bid,150.43,78
2025-01-01 09:30:10.247,4befa64d,3,Bid,150.42,147
2025-01-01 09:30:10.254,c4d6e640,1,Ask,150.44,77
2025-01-01 09:30:10.253,26c18af0,3,Ask,150.46,117
2025-01-01 09:30:10.269,caaa07cc,2,Ask,150.45,322
2025-01-01 09:30:10.279,77d08ec5,1,Bid,150.42,12
2025-01-01 09:30:10.281,12cb5b64,3,Bid,150.42,468
2025-01-01 09:30:10.298,0ac0a347,2,Ask,150.46,71
2025-01-01 09:30:10.300,e5cfb5fe,2,Ask,150.46,42
2025-01-01 09:30:10.314,4d715faa,2,Bid,150.4,1105
2025-01-01 09:30:10.321,a26fa275,3,Ask,150.44,100
2025-01-01 09:30:10.330,420ffdef,2,Ask,150.45,222
2025-01-01 09:30:10.340,7985edae,1,Ask,150.43,114
2025-01-01 09:30:10.355,b5f7ba61,1,Bid,150.41,134
2025-01-01 09:30:10.362,2293c484,1,Bid,150.39,60
2025-01-01 09:30:10.376,c2c18f50,1,Ask,150.42,343
2025-01-01 09:30:10.380,08f10c03,1,Ask,150.41,1045
2025-01-01 09:30:10.391,774bc981,1,Bid,150.4,53
2025-01-01 09:30:10.403,301c83e9,1,Ask,150.44,694
2025-01-01 09:30:10.417,c5cd2a3f,3,Ask,150.43,181
2025-01-01 09:30:10.421,9cfb29db,1,Ask,150.42,36
2025-01-01 09:30:10.434,eeb6898a,1,Ask,150.43,24
2025-01-01 09:30:10.450,9033be5d,1,Ask,150.43,282
2025-01-01 09:30:10.454,dc7d5295,1,Ask,150.41,57
2025-01-01 09:30:10.461,c3c9ec4b,1,Bid,150.39,155
2025-01-01 09:30:10.470,e301364e,1,Ask,150.42,206
2025-01-01 09:30:10.490,57c3711a,3,Bid,150.41,449
2025-01-01 09:30:10.490,e3dbb3f3,1,Bid,150.39,71
2025-01-01 09:30:10.510,15311255,1,Ask,150.41,76
2025-01-01 09:30:10.513,71fce97b,3,Bid,150.39,262
2025-01-01 09:30:10.533,ad437255,2,Bid,150.37,143
2025-01-01 09:30:10.538,41abecd3,1,Bid,150.39,140
2025-01-01 09:30:10.570,902f4f1c,1,Bid,150.39,120
2025-01-01 09:30:10.552,9d4b116c,1,Bid,150.38,71
2025-01-01 09:30:10.567,a5419ce7,2,Bid,150.37,250
2025-01-01 09:30:10.572,aeb042cc,2,Ask,150.39,209
2025-01-01 09:30:10.583,7e4134fa,1,Bid,150.35,653
2025-01-01 09:30:10.594,5e52c239,2,Bid,150.35,40
2025-01-01 09:30:10.610,454cdf18,2,Ask,150.39,259
2025-01-01 09:30:10.630,effc9bec,1,Ask,150.4,116
2025-01-01 09:30:10.627,c2173a83,1,Bid,150.35,848
2025-01-01 09:30:10.632,e7d5ec61,1,Ask,150.38,110
2025-01-01 09:30:10.642,f5f9aaa4,2,Ask,150.37,141
2025-01-01 09:30:10.656,c6647732,1,Bid,150.36,47
2025-01-01 09:30:10.661,81d2dcc1,1,Ask,150.39,90
2025-01-01 09:30:10.670,d2628ce9,1,Ask,150.39,465
2025-01-01 09:30:10.682,65d83980,2,Ask,150.41,79
2025-01-01 09:30:10.691,36b5eaf5,3,Bid,150.39,120
2025-01-01 09:30:10.701,2aeca5e2,1,Ask,150.42,133
2025-01-01 09:30:10.711,a2eedd31,1,Ask,150.41,98
2025-01-01 09:30:10.720,498ddc70,3,Ask,150.42,175
2025-01-01 09:30:10.730,e41b0e9b,1,Ask,150.41,272
2025-01-01 09:30:10.761,732693e3,1,Ask,150.41,317
2025-01-01 09:30:10.752,b4008bda,2,Ask,150.42,137
2025-01-01 09:30:10.762,d2f6c197,1,Ask,150.42,69
2025-01-01 09:30:10.775,717c4af4,1,Ask,150.4,99
2025-01-01 09:30:10.781,c2fa8f95,1,Ask,150.4,598
2025-01-01 09:30:10.804,bcf93ea9,3,Ask,150.41,32
2025-01-01 09:30:10.807,9595f234,1,Ask,150.4,217
2025-01-01 09:30:10.810,e620144c,2,Bid,150.37,72
2025-01-01 09:30:10.822,164ff714,1,Bid,150.37,29
2025-01-01 09:30:10.840,b5d0a89a,1,Bid,150.37,41
2025-01-01 09:30:10.854,9d039d90,1,Bid,150.36,106
2025-01-01 09:30:10.853,f1214f74,1,Bid,150.35,248
2025-01-01 09:30:10.864,5c6d1c1d,2,Ask,150.4,267
2025-01-01 09:30:10.870,116e7899,2,Bid,150.35,786
2025-01-01 09:30:10.903,5ccb8ecc,1,Ask,150.39,22
2025-01-01 09:30:10.891,475e3ada,1,Bid,150.35,201
2025-01-01 09:30:10.914,19ff7966,1,Ask,150.39,12
2025-01-01 09:30:10.915,942fee19,1,Ask,150.37,148
2025-01-01 09:30:10.924,9f0f76ba,1,Bid,150.35,370
2025-01-01 09:30:10.933,a06c4470,1,Ask,150.35,358
2025-01-01 09:30:10.941,b7ab4fca,1,Ask,150.38,32
2025-01-01 09:30:10.950,9ff0c803,1,Ask,150.38,12
2025-01-01 09:30:10.961,de6a888d,1,Ask,150.36,25
2025-01-01 09:30:10.971,55553432,1,Ask,150.37,26
2025-01-01 09:30:10.987,ba1cda11,3,Bid,150.32,53
2025-01-01 09:30:10.992,0386b9cd,3,Ask,150.36,267
2025-01-01 09:30:11.000,66d5ebb4,1,Ask,150.37,70
2025-01-01 09:30:11.027,bc837206,1,Ask,150.36,90
2025-01-01 09:30:11.030,5cc11146,1,Bid,150.32,207
2025-01-01 09:30:11.043,0ab3a1cc,2,Ask,150.37,96
2025-01-01 09:30:11.066,8adfc9c5,1,Ask,150.37,251
2025-01-01 09:30:11.050,a25fccbc,3,Bid,150.34,85
2025-01-01 09:30:11.062,e8dbb4d2,1,Bid,150.36,44
2025-01-01 09:30:11.077,a41233b5,1,Bid,150.36,108
2025-01-01 09:30:11.085,06e3075c,3,Bid,150.36,107
2025-01-01 09:30:11.090,3c590a5d,1,Bid,150.36,191
2025-01-01 09:30:11.108,6b8bbd76,1,Ask,150.38,115
2025-01-01 09:30:11.111,f834ce5e,1,Bid,150.36,51
2025-01-01 09:30:11.121,874f0224,2,Bid,150.38,29
2025-01-01 09:30:11.133,5de74ed0,2,Bid,150.39,147
2025-01-01 09:30:11.144,39289919,1,Bid,150.38,46
2025-01-01 09:30:11.154,293e240c,1,Bid,150.37,126
2025-01-01 09:30:11.160,6bf7abf5,2,Bid,150.39,134
2025-01-01 09:30:11.180,0cf57e82,1,Ask,150.42,414
2025-01-01 09:30:11.181,4f994811,1,Bid,150.39,132
2025-01-01 09:30:11.190,27787680,2,Ask,150.41,100
2025-01-01 09:30:11.210,dd790eee,1,Ask,150.42,63
2025-01-01 09:30:11.225,7efb9960,1,Bid,150.38,167
2025-01-01 09:30:11.229,d11b29bb,2,Bid,150.39,83
2025-01-01 09:30:11.238,340bb34c,2,Ask,150.42,39
2025-01-01 09:30:11.245,cbbcefda,1,Bid,150.4,30
2025-01-01 09:30:11.254,c0cb68c8,1,Ask,150.43,44
2025-01-01 09:30:11.260,de908508,1,Bid,150.42,41
2025-01-01 09:30:11.272,c52667a3,2,Bid,150.43,181
2025-01-01 09:30:11.282,0d223310,1,Bid,150.44,109
2025-01-01 09:30:11.291,e591041d,2,Bid,150.46,47
2025-01-01 09:30:11.306,21be009c,1,Ask,150.51,11
2025-01-01 09:30:11.313,172634ca,1,Ask,150.48,43
2025-01-01 09:30:11.320,d8c1e638,1,Bid,150.46,103
2025-01-01 09:30:11.331,9b00c864,2,Ask,150.48,154
2025-01-01 09:30:11.345,fd5df389,1,Ask,150.47,33
2025-01-01 09:30:11.350,9d308fcf,1,Bid,150.45,154
2025-01-01 09:30:11.369,6d505cf2,2,Bid,150.46,119
2025-01-01 09:30:11.373,09f6bcb7,3,Bid,150.46,88
2025-01-01 09:30:11.383,4024d1b5,2,Bid,150.44,147
2025-01-01 09:30:11.394,3c6b255b,1,Bid,150.44,256
2025-01-01 09:30:11.408,48ad3f2f,1,Bid,150.44,140
2025-01-01 09:30:11.412,b7c67c54,1,Ask,150.48,57
2025-01-01 09:30:11.425,40f6d403,1,Bid,150.46,33
2025-01-01 09:30:11.434,36b929e0,1,Ask,150.49,313
2025-01-01 09:30:11.441,cc2dd103,2,Bid,150.46,124
2025-01-01 09:30:11.460,fefbbb4e,1,Bid,150.46,176
2025-01-01 09:30:11.467,cc3b90e7,3,Ask,150.48,110
2025-01-01 09:30:11.475,859d67ea,1,Ask,150.49,181
2025-01-01 09:30:11.489,3f33f65f,1,Ask,150.51,129
2025-01-01 09:30:11.500,4d07e2eb,1,Bid,150.48,262
2025-01-01 09:30:11.506,ffdfd48d,1,Bid,150.46,19
2025-01-01 09:30:11.519,455633d5,2,Bid,150.48,172
2025-01-01 09:30:11.525,e3df44d4,1,Bid,150.48,22
2025-01-01 09:30:11.535,7be7caad,3,Bid,150.5,187
2025-01-01 09:30:11.544,23dd3383,1,Ask,150.55,75
2025-01-01 09:30:11.556,e1be5cba,1,Ask,150.55,62
2025-01-01 09:30:11.560,86517475,1,Ask,150.53,94
2025-01-01 09:30:11.580,3e958125,1,Bid,150.51,244
2025-01-01 09:30:11.590,ed4a6b50,2,Ask,150.53,80
2025-01-01 09:30:11.590,b983ff8d,1,Ask,150.53,62
2025-01-01 09:30:11.608,0a9eda6a,1,Ask,150.54,704
2025-01-01 09:30:11.610,01670b97,1,Ask,150.55,21
2025-01-01 09:30:11.622,5fa06383,1,Bid,150.54,90
2025-01-01 09:30:11.636,59faeb1d,1,Ask,150.57,108
2025-01-01 09:30:11.640,c7c9a152,2,Bid,150.55,89
2025-01-01 09:30:11.658,02089b2f,1,Ask,150.59,73
2025-01-01 09:30:11.668,b40b4591,1,Bid,150.57,23
2025-01-01 09:30:11.673,15ed005d,1,Bid,150.58,202
2025-01-01 09:30:11.680,d6516b66,1,Bid,150.58,103
2025-01-01 09:30:11.691,200a00c8,3,Ask,150.62,18
2025-01-01 09:30:11.704,495f2c67,3,Ask,150.64,13
2025-01-01 09:30:11.729,d880ac66,1,Ask,150.65,74
2025-01-01 09:30:11.724,4cdca8af,1,Bid,150.61,39
2025-01-01 09:30:11.731,72853a5f,1,Ask,150.63,24
2025-01-01 09:30:11.745,208616df,1,Ask,150.66,119
2025-01-01 09:30:11.753,3cbab21c,2,Ask,150.64,136
2025-01-01 09:30:11.767,a8df43b2,1,Bid,150.61,60
2025-01-01 09:30:11.770,4f198b17,1,Ask,150.62,88
2025-01-01 09:30:11.787,8aad183d,1,Ask,150.63,75
2025-01-01 09:30:11.793,b3253c68,1,Bid,150.62,88
2025-01-01 09:30:11.816,f663a6ca,1,Ask,150.65,259
2025-01-01 09:30:11.812,d87e7775,1,Ask,150.65,65
2025-01-01 09:30:11.825,15cb3379,1,Ask,150.65,87
2025-01-01 09:30:11.843,830659be,2,Bid,150.62,74
2025-01-01 09:30:11.840,c6257208,1,Ask,150.65,83
2025-01-01 09:30:11.863,ff071ca5,1,Bid,150.62,60
2025-01-01 09:30:11.865,1748acf9,2,Ask,150.66,143
2025-01-01 09:30:11.870,bfa720a5,1,Ask,150.66,8
2025-01-01 09:30:11.881,9d1b5f5d,1,Ask,150.65,628
2025-01-01 09:30:11.896,7a092783,3,Bid,150.62,202
2025-01-01 09:30:11.900,e0762e47,1,Bid,150.61,18
2025-01-01 09:30:11.914,32278729,1,Bid,150.63,189
2025-01-01 09:30:11.922,100e4a85,3,Bid,150.64,268
2025-01-01 09:30:11.934,20ea180c,2,Bid,150.66,142
2025-01-01 09:30:11.940,057d886e,3,Ask,150.69,216
2025-01-01 09:30:11.960,9189264f,1,Ask,150.67,64
2025-01-01 09:30:11.978,ad91b64f,1,Ask,150.68,528
2025-01-01 09:30:11.987,08378dfe,1,Bid,150.65,209
2025-01-01 09:30:11.986,b4f6077b,3,Ask,150.67,201
2025-01-01 09:30:11.990,46a8d621,1,Bid,150.64,175
2025-01-01 09:30:12.007,5a296a92,1,Bid,150.67,46
2025-01-01 09:30:12.010,0e592b2b,1,Ask,150.7,39
2025-01-01 09:30:12.020,934369f3,1,Bid,150.66,44
2025-01-01 09:30:12.031,792437a5,1,Ask,150.69,161
2025-01-01 09:30:12.043,a825ac07,1,Bid,150.67,88
2025-01-01 09:30:12.057,e41504a9,2,Ask,150.69,199
2025-01-01 09:30:12.065,b69d1229,2,Ask,150.7,20
2025-01-01 09:30:12.072,4107fc05,1,Ask,150.68,108
2025-01-01 09:30:12.081,a37fd53c,2,Ask,150.66,80
2025-01-01 09:30:12.119,55468842,2,Ask,150.68,66
2025-01-01 09:30:12.102,b5431923,2,Ask,150.68,133
2025-01-01 09:30:12.113,f46c0188,1,Bid,150.65,226
2025-01-01 09:30:12.120,58e8d305,2,Bid,150.62,56
2025-01-01 09:30:12.137,7c2dd1c7,1,Bid,150.63,98
2025-01-01 09:30:12.145,ad43f0ae,2,Bid,150.63,52
2025-01-01 09:30:12.151,d7ddb1e5,1,Ask,150.68,56
2025-01-01 09:30:12.160,5ab03189,1,Bid,150.65,270
2025-01-01 09:30:12.175,93ef3b5f,1,Bid,150.65,155
2025-01-01 09:30:12.185,995e512a,1,Ask,150.67,12
2025-01-01 09:30:12.191,ba1d9544,3,Ask,150.7,213
2025-01-01 09:30:12.215,77c6a56c,2,Ask,150.69,101
2025-01-01 09:30:12.210,14bbc2d5,3,Bid,150.68,64
2025-01-01 09:30:12.222,b800e590,2,Bid,150.67,122
2025-01-01 09:30:12.244,18251206,1,Ask,150.71,87
2025-01-01 09:30:12.242,416a6fa1,2,Bid,150.67,70
2025-01-01 09:30:12.255,39440a40,1,Ask,150.69,166
2025-01-01 09:30:12.262,f304619f,1,Bid,150.65,447
2025-01-01 09:30:12.271,39e8e1ff,2,Ask,150.68,61
2025-01-01 09:30:12.300,a2a23058,2,Bid,150.67,792
2025-01-01 09:30:12.292,98855683,1,Bid,150.67,54
2025-01-01 09:30:12.311,becffb30,1,Bid,150.68,83
2025-01-01 09:30:12.311,ff2f4f7f,2,Ask,150.71,225
2025-01-01 09:30:12.321,4c98d5f8,1,Bid,150.69,172
2025-01-01 09:30:12.330,a6b104da,3,Bid,150.69,358
2025-01-01 09:30:12.345,ee490a0a,1,Bid,150.68,11
2025-01-01 09:30:12.352,8e50ffff,2,Bid,150.67,70
2025-01-01 09:30:12.369,2a8be548,1,Ask,150.7,80
2025-01-01 09:30:12.373,e74f2872,1,Ask,150.71,594
2025-01-01 09:30:12.397,0019364a,2,Bid,150.67,169
2025-01-01 09:30:12.391,104f9cc3,1,Ask,150.71,20
2025-01-01 09:30:12.410,d3c11258,1,Ask,150.73,170
2025-01-01 09:30:12.417,90662683,1,Bid,150.68,326
2025-01-01 09:30:12.427,4a14b7dd,1,Ask,150.71,78
2025-01-01 09:30:12.439,00ae5c91,1,Bid,150.69,45
2025-01-01 09:30:12.447,faa3989e,1,Ask,150.73,120
2025-01-01 09:30:12.454,686a22cb,1,Ask,150.72,58
2025-01-01 09:30:12.460,0e706d34,1,Ask,150.7,136
2025-01-01 09:30:12.470,67cb1133,1,Ask,150.72,129
2025-01-01 09:30:12.492,52990da1,1,Ask,150.7,229
2025-01-01 09:30:12.494,06edaf7d,1,Bid,150.68,85
2025-01-01 09:30:12.507,977ebd49,1,Bid,150.65,13
2025-01-01 09:30:12.513,7f3e88b7,1,Ask,150.71,131
2025-01-01 09:30:12.520,888212f9,2,Ask,150.69,91
2025-01-01 09:30:12.530,8862a693,1,Bid,150.66,116
2025-01-01 09:30:12.545,f33e9286,1,Bid,150.66,74
2025-01-01 09:30:12.552,643c5c4b,1,Bid,150.66,93
2025-01-01 09:30:12.561,74280dc8,2,Ask,150.68,42
2025-01-01 09:30:12.573,3670b51d,1,Ask,150.68,68
2025-01-01 09:30:12.580,98c9b673,1,Ask,150.69,135
2025-01-01 09:30:12.594,af15376d,1,Ask,150.7,45
2025-01-01 09:30:12.601,f5146c6f,1,Ask,150.69,805
2025-01-01 09:30:12.617,629b26c0,2,Bid,150.66,20
2025-01-01 09:30:12.621,fbed9b36,1,Ask,150.67,46
2025-01-01 09:30:12.633,8db0cec7,1,Bid,150.65,61
2025-01-01 09:30:12.640,73d573d6,1,Bid,150.66,7
2025-01-01 09:30:12.650,bb1a133d,1,Bid,150.65,208
2025-01-01 09:30:12.662,b604ffb1,3,Bid,150.63,128
2025-01-01 09:30:12.673,3971a8b6,1,Bid,150.64,386
2025-01-01 09:30:12.684,081e08f0,1,Bid,150.68,10
2025-01-01 09:30:12.691,be3ecdcd,2,Ask,150.68,45
2025-01-01 09:30:12.705,afa3e117,3,Ask,150.66,26
2025-01-01 09:30:12.719,7e168507,1,Bid,150.65,295
2025-01-01 09:30:12.727,af468813,1,Ask,150.67,131
2025-01-01 09:30:12.730,e4d06a87,1,Bid,150.64,52
2025-01-01 09:30:12.743,00c06a28,1,Bid,150.63,80
2025-01-01 09:30:12.750,6fd4ef58,1,Ask,150.66,245
2025-01-01 09:30:12.761,51baeb97,2,Bid,150.63,48
2025-01-01 09:30:12.791,99ddad26,1,Bid,150.62,15
2025-01-01 09:30:12.780,4d5d7564,3,Bid,150.64,39
2025-01-01 09:30:12.793,94b8f6c4,1,Ask,150.68,55
2025-01-01 09:30:12.804,f1d26fdf,1,Ask,150.68,25
2025-01-01 09:30:12.816,19a883c0,1,Ask,150.67,151
2025-01-01 09:30:12.824,8d78f7a1,1,Ask,150.68,1484
2025-01-01 09:30:12.830,24a870ed,1,Ask,150.69,144
2025-01-01 09:30:12.841,b8560099,1,Ask,150.7,216
2025-01-01 09:30:12.853,b066cda3,1,Bid,150.67,88
2025-01-01 09:30:12.860,628df879,1,Ask,150.72,63
2025-01-01 09:30:12.872,edc651b3,1,Bid,150.68,258
2025-01-01 09:30:12.880,47e4ee70,1,Bid,150.7,137
2025-01-01 09:30:12.890,df02756f,1,Bid,150.7,31
2025-01-01 09:30:12.902,f00cc6a1,1,Ask,150.72,203
2025-01-01 09:30:12.910,4788d4aa,1,Bid,150.69,128
2025-01-01 09:30:12.924,12ea8980,1,Ask,150.72,381
2025-01-01 09:30:12.935,6ddec8da,1,Bid,150.7,119
2025-01-01 09:30:12.948,0bb55d22,2,Ask,150.73,59
2025-01-01 09:30:12.951,df8b0308,1,Ask,150.7,79
2025-01-01 09:30:12.960,91157e90,1,Bid,150.66,106
2025-01-01 09:30:12.970,fb23f6df,1,Ask,150.7,51
2025-01-01 09:30:12.985,04d49ff4,1,Bid,150.66,30
2025-01-01 09:30:12.996,5864aceb,2,Bid,150.65,27
2025-01-01 09:30:13.000,caeb46b4,1,Ask,150.7,29
2025-01-01 09:30:13.023,fb014784,1,Ask,150.7,118
2025-01-01 09:30:13.020,e812e615,1,Ask,150.72,128
2025-01-01 09:30:13.033,fb34d036,1,Bid,150.69,153
2025-01-01 09:30:13.046,e2deda68,2,Ask,150.74,95
2025-01-01 09:30:13.060,e4f8d066,1,Bid,150.7,137
2025-01-01 09:30:13.066,fa72190e,2,Ask,150.71,120
2025-01-01 09:30:13.078,129b4098,1,Bid,150.7,248
2025-01-01 09:30:13.082,ea745a7c,3,Bid,150.71,98
2025-01-01 09:30:13.098,a477c464,1,Bid,150.7,155
2025-01-01 09:30:13.100,ea90c939,1,Ask,150.73,642
2025-01-01 09:30:13.121,a3775952,1,Bid,150.7,95
2025-01-01 09:30:13.123,2bc94130,1,Ask,150.74,518
2025-01-01 09:30:13.138,6e653fbe,1,Bid,150.71,231
2025-01-01 09:30:13.143,10d2a2ec,1,Bid,150.7,362
2025-01-01 09:30:13.155,e037a4f5,1,Ask,150.73,229
2025-01-01 09:30:13.163,6256acab,1,Bid,150.71,23
2025-01-01 09:30:13.176,2595f573,2,Ask,150.74,65
2025-01-01 09:30:13.180,5501ab14,1,Bid,150.71,40
2025-01-01 09:30:13.190,b5ee805d,2,Ask,150.74,92
2025-01-01 09:30:13.201,1295cb2b,1,Ask,150.76,23
2025-01-01 09:30:13.210,43bcd4da,2,Bid,150.72,735
2025-01-01 09:30:13.230,7c3cc455,1,Bid,150.72,337
2025-01-01 09:30:13.231,59f36363,1,Ask,150.76,10
2025-01-01 09:30:13.258,59527468,1,Bid,150.73,103
2025-01-01 09:30:13.252,708506ca,2,Ask,150.75,362
2025-01-01 09:30:13.261,0199c6bd,1,Bid,150.73,747
2025-01-01 09:30:13.277,71feca56,1,Bid,150.73,40
2025-01-01 09:30:13.285,a0da9fcf,1,Ask,150.75,73
2025-01-01 09:30:13.293,ae477c68,1,Ask,150.77,233
2025-01-01 09:30:13.304,629ec40b,2,Bid,150.73,106
2025-01-01 09:30:13.316,30eae353,2,Ask,150.75,72
2025-01-01 09:30:13.321,8b5c56c4,1,Ask,150.78,117
2025-01-01 09:30:13.358,af6611a7,1,Ask,150.76,57
2025-01-01 09:30:13.358,715f261f,1,Ask,150.75,18
2025-01-01 09:30:13.355,ff15100b,1,Bid,150.76,214
2025-01-01 09:30:13.361,bd1881ff,1,Ask,150.79,85
2025-01-01 09:30:13.375,94eb3bfa,1,Bid,150.75,58
2025-01-01 09:30:13.380,d2081118,1,Bid,150.75,87
2025-01-01 09:30:13.390,504e2eec,1,Bid,150.75,47
2025-01-01 09:30:13.401,a258cfaa,3,Ask,150.8,41
2025-01-01 09:30:13.413,91e863b8,2,Bid,150.75,10
2025-01-01 09:30:13.430,4be5a4ed,1,Ask,150.77,84
2025-01-01 09:30:13.436,b4293798,1,Bid,150.76,47
2025-01-01 09:30:13.446,23488d3b,1,Bid,150.74,43
2025-01-01 09:30:13.452,06c6cd4c,2,Bid,150.72,309
2025-01-01 09:30:13.462,2b786299,2,Ask,150.76,19
2025-01-01 09:30:13.472,0bc1da24,1,Ask,150.74,103
2025-01-01 09:30:13.501,abdd7410,1,Ask,150.76,99
2025-01-01 09:30:13.490,b37486a2,1,Bid,150.74,116
2025-01-01 09:30:13.510,1460053e,1,Bid,150.74,1489
2025-01-01 09:30:13.514,d4c021a0,2,Ask,150.77,13
2025-01-01 09:30:13.522,7d1d8d67,1,Ask,150.77,141
2025-01-01 09:30:13.536,e7988dc4,3,Bid,150.73,114
2025-01-01 09:30:13.543,b29b120b,1,Ask,150.74,187
2025-01-01 09:30:13.560,2c0bdb59,2,Bid,150.7,49
2025-01-01 09:30:13.571,09a33d52,1,Bid,150.7,276
2025-01-01 09:30:13.572,745cf1a8,3,Ask,150.73,81
2025-01-01 09:30:13.581,7d95b9be,1,Bid,150.72,160
2025-01-01 09:30:13.594,7972d5c6,1,Bid,150.7,319
2025-01-01 09:30:13.612,ab483d32,3,Ask,150.74,49
2025-01-01 09:30:13.611,da9b60c5,2,Ask,150.72,166
2025-01-01 09:30:13.624,07f3902e,1,Ask,150.73,90
2025-01-01 09:30:13.634,2e71407d,1,Bid,150.71,181
2025-01-01 09:30:13.646,c8a6d616,1,Bid,150.69,68
2025-01-01 09:30:13.650,b04739d0,1,Ask,150.72,102
2025-01-01 09:30:13.666,97513f0c,1,Ask,150.72,229
2025-01-01 09:30:13.681,019f1aba,1,Bid,150.7,14
2025-01-01 09:30:13.680,c160ba79,1,Bid,150.69,733
2025-01-01 09:30:13.691,c09ffab4,1,Bid,150.71,71
2025-01-01 09:30:13.717,483913f4,3,Bid,150.71,312
2025-01-01 09:30:13.710,9e3d60a0,3,Ask,150.74,261
2025-01-01 09:30:13.729,5826f663,2,Bid,150.71,104
2025-01-01 09:30:13.733,5ef898ee,1,Bid,150.74,45
2025-01-01 09:30:13.741,82e19c68,1,Bid,150.73,123
2025-01-01 09:30:13.760,1295ac3e,1,Ask,150.76,836
2025-01-01 09:30:13.762,19d2d9a0,3,Bid,150.74,10
2025-01-01 09:30:13.773,a470356b,1,Ask,150.79,300
2025-01-01 09:30:13.782,18199b9b,1,Ask,150.78,59
2025-01-01 09:30:13.794,788a23af,2,Bid,150.75,6
2025-01-01 09:30:13.800,98aaf0a7,2,Ask,150.77,15
2025-01-01 09:30:13.812,a271723b,1,Bid,150.75,36
2025-01-01 09:30:13.837,3568e199,1,Ask,150.77,30
2025-01-01 09:30:13.831,8573c940,1,Bid,150.76,82
2025-01-01 09:30:13.845,cb0620e3,1,Bid,150.76,116
2025-01-01 09:30:13.851,40279053,1,Bid,150.77,210
2025-01-01 09:30:13.867,0a6688b7,1,Ask,150.81,248
2025-01-01 09:30:13.870,d3a3c6a6,1,Ask,150.81,57
2025-01-01 09:30:13.897,f8a1bce9,1,Bid,150.81,479
2025-01-01 09:30:13.893,51a79800,1,Ask,150.81,216
2025-01-01 09:30:13.901,242aa8cc,1,Ask,150.8,582
2025-01-01 09:30:13.910,06a5d383,1,Ask,150.79,187
2025-01-01 09:30:13.920,959b8c77,1,Bid,150.74,51
2025-01-01 09:30:13.933,10cef9f3,1,Bid,150.75,49
2025-01-01 09:30:13.942,c5dba24c,1,Ask,150.78,27
2025-01-01 09:30:13.958,50e2e9f3,1,Bid,150.78,42
2025-01-01 09:30:13.962,772e35ba,1,Bid,150.78,95
2025-01-01 09:30:13.971,e460e57c,2,Ask,150.8,49
2025-01-01 09:30:13.984,4762dabb,1,Ask,150.8,74
2025-01-01 09:30:13.996,638e4a1f,1,Bid,150.77,168
2025-01-01 09:30:14.000,5b09a374,2,Ask,150.78,69
2025-01-01 09:30:14.010,795b2102,1,Ask,150.8,2421
2025-01-01 09:30:14.020,380f2d2c,1,Bid,150.76,72
2025-01-01 09:30:14.036,6a82b4f5,1,Ask,150.78,1100
2025-01-01 09:30:14.045,cf0fd89b,2,Bid,150.74,47
2025-01-01 09:30:14.053,c7df6868,1,Ask,150.77,47
2025-01-01 09:30:14.069,f0809e17,3,Bid,150.74,676
2025-01-01 09:30:14.078,9cce8223,1,Ask,150.77,273
2025-01-01 09:30:14.084,fb0a1de9,2,Bid,150.76,87
2025-01-01 09:30:14.100,add56234,1,Bid,150.76,40
2025-01-01 09:30:14.101,7b6b0522,1,Bid,150.74,280
2025-01-01 09:30:14.110,64c45827,1,Bid,150.75,115
2025-01-01 09:30:14.121,ba447db9,2,Bid,150.74,433
2025-01-01 09:30:14.130,23823d17,3,Bid,150.74,35
2025-01-01 09:30:14.143,7f7719d3,1,Ask,150.78,78
2025-01-01 09:30:14.163,3b3f4e2e,1,Bid,150.75,191
2025-01-01 09:30:14.160,d7f2638d,1,Bid,150.75,160
2025-01-01 09:30:14.170,761e890d,1,Ask,150.77,45
2025-01-01 09:30:14.183,beda2b02,1,Ask,150.76,140
2025-01-01 09:30:14.203,ef8fb882,2,Ask,150.76,106
2025-01-01 09:30:14.201,dcbbb30a,1,Ask,150.78,32
2025-01-01 09:30:14.213,c572c661,2,Bid,150.73,397
2025-01-01 09:30:14.220,85fe6693,1,Bid,150.74,11
2025-01-01 09:30:14.230,d7cb1e79,3,Bid,150.74,56
2025-01-01 09:30:14.261,ddef0b80,1,Ask,150.75,243
2025-01-01 09:30:14.266,ea250e0e,2,Bid,150.74,206
2025-01-01 09:30:14.260,ce89a90c,1,Ask,150.74,81
2025-01-01 09:30:14.285,ef8c23c7,2,Bid,150.71,22
2025-01-01 09:30:14.285,417cc4ff,1,Ask,150.74,37
2025-01-01 09:30:14.300,c4df25ae,1,Ask,150.74,33
2025-01-01 09:30:14.303,890456df,1,Bid,150.72,15
2025-01-01 09:30:14.313,d86b1189,1,Ask,150.75,495
2025-01-01 09:30:14.323,11962eb8,1,Ask,150.75,769
2025-01-01 09:30:14.335,ffdc7afa,3,Bid,150.72,48
2025-01-01 09:30:14.340,1025f806,1,Ask,150.76,14
2025-01-01 09:30:14.350,26e896ae,1,Ask,150.77,117
2025-01-01 09:30:14.361,c2f6ed39,1,Ask,150.76,104
2025-01-01 09:30:14.376,36426fa3,1,Bid,150.73,258
2025-01-01 09:30:14.381,2c7842bf,1,Ask,150.75,127
2025-01-01 09:30:14.395,6b221e75,1,Ask,150.74,114
2025-01-01 09:30:14.417,ff8b92c7,2,Bid,150.7,34
2025-01-01 09:30:14.410,2a21b4f5,1,Ask,150.74,84
2025-01-01 09:30:14.425,46b15756,2,Bid,150.71,286
2025-01-01 09:30:14.432,1e37164a,2,Ask,150.76,548
2025-01-01 09:30:14.450,f8e26b7e,2,Ask,150.76,117
2025-01-01 09:30:14.450,11acae3b,1,Ask,150.74,153
2025-01-01 09:30:14.465,9571261e,2,Bid,150.72,79
2025-01-01 09:30:14.479,9fdac457,1,Ask,150.74,165
2025-01-01 09:30:14.494,46bea3f8,1,Bid,150.71,20
2025-01-01 09:30:14.495,2ce489f5,2,Ask,150.71,239
2025-01-01 09:30:14.503,a67998b2,1,Ask,150.72,644
2025-01-01 09:30:14.514,7534766c,2,Bid,150.68,86
2025-01-01 09:30:14.530,8df1d0f0,1,Ask,150.71,143
2025-01-01 09:30:14.534,9146eb75,1,Ask,150.71,34
2025-01-01 09:30:14.540,7cff31a8,2,Bid,150.66,376
2025-01-01 09:30:14.563,25358762,1,Bid,150.66,70
2025-01-01 09:30:14.565,acc95fd7,1,Bid,150.66,42
2025-01-01 09:30:14.575,d90fbfe6,1,Ask,150.71,124
2025-01-01 09:30:14.581,f577ac97,1,Bid,150.67,60
2025-01-01 09:30:14.595,25745091,1,Ask,150.69,49
2025-01-01 09:30:14.602,db4af948,1,Ask,150.71,42
2025-01-01 09:30:14.615,b7f5d77f,1,Bid,150.67,15
2025-01-01 09:30:14.620,77245123,1,Bid,150.66,31
2025-01-01 09:30:14.635,cf57ecc4,1,Bid,150.67,402
2025-01-01 09:30:14.677,3d3e656f,1,Bid,150.66,252
2025-01-01 09:30:14.650,7786e2b5,1,Bid,150.67,90
2025-01-01 09:30:14.678,6b8a184f,3,Ask,150.69,93
2025-01-01 09:30:14.672,5ec9bc96,3,Bid,150.65,24
2025-01-01 09:30:14.690,022883aa,2,Bid,150.65,280
2025-01-01 09:30:14.697,b67594f0,2,Ask,150.68,55
2025-01-01 09:30:14.704,ee375d52,1,Ask,150.68,202
2025-01-01 09:30:14.716,dd02159a,2,Ask,150.67,67
2025-01-01 09:30:14.730,d3635583,1,Ask,150.67,47
2025-01-01 09:30:14.732,b1d2c42e,1,Ask,150.67,537
2025-01-01 09:30:14.741,40314f7c,1,Ask,150.69,92
2025-01-01 09:30:14.755,65c64cab,1,Bid,150.65,233
2025-01-01 09:30:14.768,d5dca4a9,1,Bid,150.65,152
2025-01-01 09:30:14.777,1ae6d4d3,1,Bid,150.63,46
2025-01-01 09:30:14.787,a564ca74,1,Ask,150.64,310
2025-01-01 09:30:14.792,39fd9fbb,1,Ask,150.63,35
2025-01-01 09:30:14.808,417c5d50,1,Bid,150.57,55
2025-01-01 09:30:14.810,3947f847,1,Bid,150.59,34
2025-01-01 09:30:14.823,bb38486f,1,Ask,150.61,84
2025-01-01 09:30:14.830,8d6d108f,2,Ask,150.63,105
2025-01-01 09:30:14.841,bea83de9,1,Bid,150.61,31
2025-01-01 09:30:14.852,e8209d3a,2,Ask,150.64,44
2025-01-01 09:30:14.862,c8ff3859,1,Bid,150.61,85
2025-01-01 09:30:14.875,21d3f4a4,1,Bid,150.6,292
2025-01-01 09:30:14.882,9f613167,1,Bid,150.6,39
2025-01-01 09:30:14.892,7cd9eb83,1,Ask,150.6,222
2025-01-01 09:30:14.901,04659b47,2,Bid,150.58,45
2025-01-01 09:30:14.912,b428c87e,1,Ask,150.61,160
2025-01-01 09:30:14.921,b50237cc,1,Ask,150.6,336
2025-01-01 09:30:14.930,10018159,2,Ask,150.64,314
2025-01-01 09:30:14.944,02abf7df,2,Ask,150.63,102
2025-01-01 09:30:14.955,19ad1a88,1,Bid,150.59,104
2025-01-01 09:30:14.964,725e160a,2,Bid,150.6,18
2025-01-01 09:30:14.973,786fbe3a,2,Bid,150.61,331
2025-01-01 09:30:14.982,92c51a72,1,Ask,150.65,43
2025-01-01 09:30:14.999,cbbd5edb,3,Ask,150.65,60
2025-01-01 09:30:15.003,1ac74904,2,Bid,150.63,171
2025-01-01 09:30:15.013,95db6c24,1,Ask,150.67,24
2025-01-01 09:30:15.020,bbd4c565,1,Bid,150.63,111
2025-01-01 09:30:15.032,f4c9e9c8,3,Ask,150.66,555
2025-01-01 09:30:15.042,a89ab751,2,Ask,150.65,310
2025-01-01 09:30:15.052,493803f1,2,Ask,150.66,66
2025-01-01 09:30:15.064,840e7c52,3,Bid,150.62,369
2025-01-01 09:30:15.073,5fb85280,1,Ask,150.67,138
2025-01-01 09:30:15.084,85424476,1,Ask,150.68,444
2025-01-01 09:30:15.097,896cb5ae,1,Bid,150.65,26
2025-01-01 09:30:15.108,4b67bab3,3,Ask,150.66,329
2025-01-01 09:30:15.116,ace2b7fe,1,Bid,150.64,245
2025-01-01 09:30:15.135,b3f1e3cd,3,Bid,150.64,114
2025-01-01 09:30:15.130,0384d836,1,Ask,150.67,73
2025-01-01 09:30:15.141,445f111c,2,Bid,150.64,18
2025-01-01 09:30:15.150,fe211fad,1,Bid,150.66,173
2025-01-01 09:30:15.165,dc954490,1,Ask,150.69,316
2025-01-01 09:30:15.181,af8b94c5,1,Bid,150.67,23
2025-01-01 09:30:15.181,0d9a7cdc,1,Bid,150.66,235
2025-01-01 09:30:15.203,a285268e,2,Bid,150.67,101
2025-01-01 09:30:15.200,78628360,1,Bid,150.66,108
2025-01-01 09:30:15.223,47448458,1,Ask,150.69,146
2025-01-01 09:30:15.222,bfe00fe0,1,Bid,150.67,677
2025-01-01 09:30:15.230,3879beb9,1,Ask,150.71,100
2025-01-01 09:30:15.243,747884de,1,Bid,150.7,122
2025-01-01 09:30:15.251,d19501e5,1,Bid,150.69,87
2025-01-01 09:30:15.261,d6f352c8,1,Ask,150.71,35
2025-01-01 09:30:15.271,bce1e14e,1,Ask,150.72,50
2025-01-01 09:30:15.288,2991e31f,2,Bid,150.7,84
2025-01-01 09:30:15.293,c6996a24,1,Ask,150.74,137
2025-01-01 09:30:15.301,87f5ee04,2,Ask,150.73,1031
2025-01-01 09:30:15.314,1273f0e5,1,Bid,150.69,46
2025-01-01 09:30:15.326,da9ece70,1,Ask,150.74,218
2025-01-01 09:30:15.331,e2877585,2,Bid,150.69,311
2025-01-01 09:30:15.342,a12b44ae,1,Ask,150.7,177
2025-01-01 09:30:15.350,b69b0885,1,Ask,150.73,369
2025-01-01 09:30:15.360,a7993b6a,1,Ask,150.73,119
2025-01-01 09:30:15.375,d7176623,1,Bid,150.67,100
2025-01-01 09:30:15.381,5f2337c3,1,Ask,150.72,415
2025-01-01 09:30:15.393,31fa7b57,1,Ask,150.72,44
2025-01-01 09:30:15.406,602a06b1,2,Bid,150.7,308
2025-01-01 09:30:15.410,7195f34d,2,Bid,150.68,187
2025-01-01 09:30:15.424,7177e263,1,Bid,150.65,538
2025-01-01 09:30:15.431,a5c3e351,1,Bid,150.66,52
2025-01-01 09:30:15.456,302e5300,1,Bid,150.65,60
2025-01-01 09:30:15.453,5465454c,1,Bid,150.66,130
2025-01-01 09:30:15.468,9a991489,1,Bid,150.68,47
2025-01-01 09:30:15.473,a46335e9,1,Bid,150.67,45
2025-01-01 09:30:15.480,00cda0cd,1,Bid,150.69,513
2025-01-01 09:30:15.495,71ce5dcb,2,Bid,150.69,162
2025-01-01 09:30:15.515,597d40d8,1,Ask,150.72,174
2025-01-01 09:30:15.514,d557d875,2,Ask,150.71,27
2025-01-01 09:30:15.528,f4262d70,1,Bid,150.68,89
2025-01-01 09:30:15.540,e952c431,2,Ask,150.72,324
2025-01-01 09:30:15.541,14ecd5d1,1,Ask,150.72,267
2025-01-01 09:30:15.551,a23db064,1,Bid,150.69,242
2025-01-01 09:30:15.564,f33c66b4,1,Bid,150.69,825
2025-01-01 09:30:15.572,4b28d23b,1,Bid,150.68,20
2025-01-01 09:30:15.589,13216317,2,Bid,150.68,229
2025-01-01 09:30:15.601,40755352,1,Bid,150.67,132
2025-01-01 09:30:15.602,4dcce4f5,2,Ask,150.71,39
2025-01-01 09:30:15.611,7bb5c0e4,1,Bid,150.7,70
2025-01-01 09:30:15.627,09bbb51c,1,Ask,150.73,146
2025-01-01 09:30:15.631,65a57449,1,Bid,150.69,46
2025-01-01 09:30:15.648,1ec3cbb8,1,Ask,150.71,366
2025-01-01 09:30:15.652,6c82eecd,1,Ask,150.74,141
2025-01-01 09:30:15.665,2f3217b8,1,Bid,150.68,148
2025-01-01 09:30:15.670,45fe1946,1,Bid,150.69,20
2025-01-01 09:30:15.684,0e354d7e,2,Bid,150.72,135
2025-01-01 09:30:15.693,6c58e93f,1,Ask,150.75,55
2025-01-01 09:30:15.704,ee3fe514,1,Ask,150.76,44
2025-01-01 09:30:15.710,6af2b3f4,1,Ask,150.74,107
2025-01-01 09:30:15.726,2fabdb1d,1,Ask,150.75,147
2025-01-01 09:30:15.739,1e2eee57,1,Ask,150.75,447
2025-01-01 09:30:15.741,bff1e0f0,3,Ask,150.74,135
2025-01-01 09:30:15.750,610ea86b,1,Ask,150.75,413
2025-01-01 09:30:15.760,747ae8ea,1,Ask,150.76,30
2025-01-01 09:30:15.775,0c294c30,1,Bid,150.71,143
2025-01-01 09:30:15.784,6cb47666,1,Bid,150.69,176
2025-01-01 09:30:15.793,44480a7b,3,Bid,150.71,65
2025-01-01 09:30:15.801,bd86317e,1,Ask,150.74,25
2025-01-01 09:30:15.812,ad231da0,1,Ask,150.74,201
2025-01-01 09:30:15.824,4609814f,1,Bid,150.71,269
2025-01-01 09:30:15.833,4dcb2fde,1,Ask,150.74,152
2025-01-01 09:30:15.862,0fc2b9c5,1,Ask,150.77,90
2025-01-01 09:30:15.850,2e1631c9,2,Ask,150.75,54
2025-01-01 09:30:15.865,daca71e0,1,Ask,150.76,123
2025-01-01 09:30:15.872,36ba5bd1,1,Bid,150.74,344
2025-01-01 09:30:15.882,90f5691b,1,Bid,150.73,102
2025-01-01 09:30:15.896,eba29ddc,3,Ask,150.75,99
2025-01-01 09:30:15.905,bc7d1507,3,Ask,150.76,143
2025-01-01 09:30:15.933,9b061f5b,1,Bid,150.74,17
2025-01-01 09:30:15.920,0c192aa8,2,Bid,150.72,94
2025-01-01 09:30:15.930,ec596420,3,Bid,150.73,159
2025-01-01 09:30:15.946,c4cbd0c9,2,Ask,150.77,72
2025-01-01 09:30:15.954,9e7bc48d,1,Ask,150.77,267
2025-01-01 09:30:15.961,683cd30f,1,Ask,150.78,61
2025-01-01 09:30:15.970,c7a661fa,1,Ask,150.77,45
2025-01-01 09:30:15.980,ba59646d,1,Ask,150.78,138
2025-01-01 09:30:16.001,0cbe82fd,1,Ask,150.76,1068
2025-01-01 09:30:16.001,841b968e,1,Bid,150.74,71
2025-01-01 09:30:16.011,5ac1cc83,1,Bid,150.73,60
2025-01-01 09:30:16.021,685e4b25,1,Ask,150.78,51
2025-01-01 09:30:16.032,cb95df2a,1,Bid,150.73,27
2025-01-01 09:30:16.040,6becdc4b,1,Ask,150.75,31
2025-01-01 09:30:16.053,71e9606b,1,Bid,150.73,90
2025-01-01 09:30:16.060,18b65da1,3,Bid,150.73,19
2025-01-01 09:30:16.078,1e0f19db,1,Bid,150.74,225
2025-01-01 09:30:16.081,804de95d,3,Bid,150.76,597
2025-01-01 09:30:16.093,3bad0525,1,Ask,150.8,451
2025-01-01 09:30:16.110,496b72c6,2,Ask,150.8,78
2025-01-01 09:30:16.115,48c28c1d,2,Ask,150.79,154
2025-01-01 09:30:16.123,a8196cd2,1,Bid,150.75,62
2025-01-01 09:30:16.131,6fa83e52,2,Bid,150.74,6
2025-01-01 09:30:16.142,930c2630,1,Ask,150.73,167
2025-01-01 09:30:16.155,2b77da11,2,Ask,150.75,51
2025-01-01 09:30:16.185,aad6cda1,1,Bid,150.74,1096
2025-01-01 09:30:16.175,902d82a6,1,Bid,150.74,50
2025-01-01 09:30:16.184,a1f7561c,1,Bid,150.74,175
2025-01-01 09:30:16.196,08bb29f3,1,Bid,150.74,242
2025-01-01 09:30:16.203,4bfd8b64,1,Ask,150.78,187
2025-01-01 09:30:16.210,162364bb,3,Bid,150.76,77
2025-01-01 09:30:16.224,bb012ee1,1,Ask,150.8,226
2025-01-01 09:30:16.245,b3972ca3,2,Ask,150.8,177
2025-01-01 09:30:16.240,fb58c6cd,1,Bid,150.77,100
2025-01-01 09:30:16.255,b2149ee6,2,Bid,150.79,24
2025-01-01 09:30:16.261,8d0b6030,1,Ask,150.82,168
2025-01-01 09:30:16.273,d4af056f,2,Bid,150.79,372
2025-01-01 09:30:16.280,ec037eed,1,Bid,150.81,278
2025-01-01 09:30:16.292,05775c70,3,Bid,150.79,293
2025-01-01 09:30:16.307,f74688dc,1,Bid,150.79,41
2025-01-01 09:30:16.312,f4ba7f8c,1,Ask,150.8,290
2025-01-01 09:30:16.325,4ecb028a,1,Ask,150.8,8
2025-01-01 09:30:16.337,a5b07c6d,1,Bid,150.76,115
2025-01-01 09:30:16.353,c3f5c2c7,1,Ask,150.78,209
2025-01-01 09:30:16.351,2c8fe509,1,Ask,150.77,101
2025-01-01 09:30:16.362,d57b4fe7,1,Bid,150.74,13
2025-01-01 09:30:16.370,015a6f08,2,Bid,150.75,78
2025-01-01 09:30:16.404,8083184e,1,Bid,150.75,220
2025-01-01 09:30:16.403,cdd61076,2,Ask,150.78,266
2025-01-01 09:30:16.403,bdab72bf,1,Ask,150.79,377
2025-01-01 09:30:16.419,576f14c4,2,Ask,150.79,65
2025-01-01 09:30:16.423,d1c80d30,1,Ask,150.79,319
2025-01-01 09:30:16.434,806bc0dd,1,Ask,150.79,390
2025-01-01 09:30:16.440,336310c0,1,Ask,150.78,45
2025-01-01 09:30:16.457,743246f8,1,Ask,150.77,217
2025-01-01 09:30:16.460,4efb6d51,3,Bid,150.74,121
2025-01-01 09:30:16.478,e587087b,2,Bid,150.73,83
2025-01-01 09:30:16.487,dbea2c88,2,Bid,150.74,116
2025-01-01 09:30:16.496,15438d12,2,Ask,150.77,215
2025-01-01 09:30:16.500,0d2cb4cd,3,Ask,150.77,393
2025-01-01 09:30:16.511,33a3cc5d,2,Bid,150.73,89
2025-01-01 09:30:16.521,90cfe012,1,Bid,150.73,33
2025-01-01 09:30:16.532,b8d20cb3,1,Ask,150.76,402
2025-01-01 09:30:16.540,3d95eab2,1,Ask,150.76,89
2025-01-01 09:30:16.563,547715dc,1,Ask,150.78,58
2025-01-01 09:30:16.564,2c62e040,1,Ask,150.76,243
2025-01-01 09:30:16.571,db7029d0,1,Ask,150.77,172
2025-01-01 09:30:16.582,4c4dc63b,1,Bid,150.72,113
2025-01-01 09:30:16.592,4e87870c,1,Ask,150.76,55
2025-01-01 09:30:16.604,9955e7c2,1,Bid,150.73,77
2025-01-01 09:30:16.613,82af88e2,1,Bid,150.74,160
2025-01-01 09:30:16.632,5713018f,1,Ask,150.78,71
2025-01-01 09:30:16.633,ba689853,1,Bid,150.76,78
2025-01-01 09:30:16.664,6f5e637e,3,Ask,150.79,44
2025-01-01 09:30:16.659,93e7f6b8,1,Ask,150.77,225
2025-01-01 09:30:16.661,856b5706,1,Ask,150.77,58
2025-01-01 09:30:16.683,24a440c7,2,Ask,150.79,163
2025-01-01 09:30:16.680,1dd6b1f8,1,Ask,150.79,102
2025-01-01 09:30:16.698,9c8682d5,1,Ask,150.78,57
2025-01-01 09:30:16.702,d918636d,2,Bid,150.75,659
2025-01-01 09:30:16.720,44cd578c,1,Ask,150.79,113
2025-01-01 09:30:16.730,a9bbb0a2,2,Ask,150.77,30
2025-01-01 09:30:16.738,d3800087,1,Bid,150.73,718
2025-01-01 09:30:16.747,b1d11f22,1,Ask,150.78,316
2025-01-01 09:30:16.751,8135f663,2,Ask,150.76,61
2025-01-01 09:30:16.760,4a894413,1,Bid,150.75,109
2025-01-01 09:30:16.772,d28f09a2,1,Ask,150.78,234
2025-01-01 09:30:16.780,b78dbafc,2,Bid,150.75,167
2025-01-01 09:30:16.795,9ccf829e,3,Ask,150.77,261
2025-01-01 09:30:16.802,14d72f72,1,Bid,150.76,112
2025-01-01 09:30:16.828,f3e852ca,1,Ask,150.81,66
2025-01-01 09:30:16.825,62445219,1,Ask,150.79,114
2025-01-01 09:30:16.838,7f55e2ee,1,Bid,150.76,34
2025-01-01 09:30:16.840,dc21362c,1,Bid,150.76,77
2025-01-01 09:30:16.859,d5cbbf0d,1,Ask,150.81,105
2025-01-01 09:30:16.872,c2cdac86,1,Bid,150.78,149
2025-01-01 09:30:16.873,8cc34ee6,2,Ask,150.8,561
2025-01-01 09:30:16.884,903e4f07,1,Ask,150.79,37
2025-01-01 09:30:16.897,29b960f9,3,Ask,150.8,487
2025-01-01 09:30:16.900,46aa81b3,1,Ask,150.79,154
2025-01-01 09:30:16.913,7e827b16,1,Ask,150.78,9
2025-01-01 09:30:16.922,b555b920,1,Ask,150.78,350
2025-01-01 09:30:16.930,c08bf58d,1,Ask,150.78,90
2025-01-01 09:30:16.942,d6319aa7,1,Ask,150.76,463
2025-01-01 09:30:16.950,aa7a6bb9,1,Ask,150.76,54
2025-01-01 09:30:16.960,9bd61da5,2,Ask,150.77,68
2025-01-01 09:30:16.970,334cb504,1,Bid,150.74,219
2025-01-01 09:30:16.996,f7082d47,1,Bid,150.75,18
2025-01-01 09:30:16.993,6f05511f,1,Ask,150.76,49
2025-01-01 09:30:17.016,2b8908a6,1,Bid,150.76,22
2025-01-01 09:30:17.012,8e05cb20,2,Bid,150.74,37
2025-01-01 09:30:17.021,e279443b,1,Bid,150.74,510
2025-01-01 09:30:17.033,f2fa843d,1,Ask,150.78,37
2025-01-01 09:30:17.042,2691fdcc,1,Ask,150.77,47
2025-01-01 09:30:17.050,4cb7e67c,1,Ask,150.77,5
2025-01-01 09:30:17.065,c48d8929,2,Bid,150.75,52
2025-01-01 09:30:17.071,72616ebc,1,Bid,150.74,4
2025-01-01 09:30:17.084,bb8029ff,2,Ask,150.76,134
2025-01-01 09:30:17.095,92e1d5e5,1,Ask,150.77,217
2025-01-01 09:30:17.100,0edd1e74,2,Ask,150.78,155
2025-01-01 09:30:17.110,76e012e4,1,Bid,150.74,21
2025-01-01 09:30:17.127,1ae8c29e,2,Bid,150.74,93
2025-01-01 09:30:17.133,db377033,3,Ask,150.76,155
2025-01-01 09:30:17.140,084d323e,2,Bid,150.71,67
2025-01-01 09:30:17.176,3c6b9b7f,2,Ask,150.73,27
2025-01-01 09:30:17.160,d01ac3fd,1,Ask,150.73,257
2025-01-01 09:30:17.175,361bea07,3,Ask,150.74,29
2025-01-01 09:30:17.200,ce76e540,1,Bid,150.72,160
2025-01-01 09:30:17.191,3154b3cb,1,Bid,150.73,102
2025-01-01 09:30:17.200,e6fbbd85,1,Ask,150.75,437
2025-01-01 09:30:17.210,7cb29c9f,1,Ask,150.73,999
2025-01-01 09:30:17.221,7a04be78,1,Bid,150.71,56
2025-01-01 09:30:17.230,f7ddf775,2,Bid,150.73,30
2025-01-01 09:30:17.245,6d0927b7,1,Bid,150.72,115
2025-01-01 09:30:17.250,6b79f007,3,Bid,150.73,103
2025-01-01 09:30:17.263,f02ef78b,1,Bid,150.71,184
2025-01-01 09:30:17.298,35b87b3d,1,Bid,150.71,46
2025-01-01 09:30:17.288,338bae06,2,Bid,150.71,46
2025-01-01 09:30:17.294,e6edee09,1,Ask,150.72,91
2025-01-01 09:30:17.301,886c0d86,2,Ask,150.71,135
2025-01-01 09:30:17.314,0dc7a17f,3,Ask,150.69,32
2025-01-01 09:30:17.323,5042fd10,1,Ask,150.68,88
2025-01-01 09:30:17.332,655511bb,2,Ask,150.66,92
2025-01-01 09:30:17.340,1a3029a9,3,Bid,150.64,192
2025-01-01 09:30:17.360,4c8680ae,1,Ask,150.66,92
2025-01-01 09:30:17.362,5a3ff95c,2,Bid,150.65,318
2025-01-01 09:30:17.371,85a1c22f,1,Ask,150.67,192
2025-01-01 09:30:17.382,9b95b67b,2,Bid,150.66,16
2025-01-01 09:30:17.392,b596a942,1,Bid,150.65,79
2025-01-01 09:30:17.408,371b21b5,1,Ask,150.7,319
2025-01-01 09:30:17.416,fb2234a3,1,Bid,150.67,39
2025-01-01 09:30:17.427,e200ef3f,1,Bid,150.66,130
2025-01-01 09:30:17.430,699cee3a,2,Ask,150.69,145
2025-01-01 09:30:17.442,1497fd1c,1,Bid,150.67,115
2025-01-01 09:30:17.453,0d0a7f53,1,Ask,150.69,68
2025-01-01 09:30:17.460,15dac7b7,1,Ask,150.7,105
2025-01-01 09:30:17.471,04330298,1,Ask,150.72,56
2025-01-01 09:30:17.487,87d8861f,1,Bid,150.67,48
2025-01-01 09:30:17.490,e18ed467,1,Bid,150.67,252
2025-01-01 09:30:17.503,30f29941,1,Ask,150.7,73
2025-01-01 09:30:17.511,21b124f9,1,Ask,150.72,1059
2025-01-01 09:30:17.520,2bcf1018,1,Bid,150.67,23
2025-01-01 09:30:17.531,5c890d70,1,Bid,150.65,113
2025-01-01 09:30:17.558,93b13828,1,Bid,150.65,44
2025-01-01 09:30:17.558,5ad71555,2,Ask,150.66,216
2025-01-01 09:30:17.576,f71b2b09,1,Ask,150.67,31
2025-01-01 09:30:17.573,81c4b950,2,Ask,150.68,307
2025-01-01 09:30:17.580,6289b8c7,1,Ask,150.7,210
2025-01-01 09:30:17.593,2f14d095,1,Bid,150.67,34
2025-01-01 09:30:17.603,bce0a610,2,Ask,150.69,70
2025-01-01 09:30:17.619,ae145a19,1,Ask,150.7,156
2025-01-01 09:30:17.620,e905494c,1,Bid,150.67,259
2025-01-01 09:30:17.633,9a529a42,1,Bid,150.67,181
2025-01-01 09:30:17.640,dbff0a58,3,Bid,150.66,80
2025-01-01 09:30:17.651,16eacb99,1,Ask,150.7,821
2025-01-01 09:30:17.666,790dd889,1,Ask,150.68,329
2025-01-01 09:30:17.673,5eaa10ef,1,Ask,150.68,38
2025-01-01 09:30:17.682,b6771825,1,Ask,150.68,103
2025-01-01 09:30:17.692,586209e7,3,Ask,150.68,780
2025-01-01 09:30:17.703,125fde99,1,Ask,150.66,149
2025-01-01 09:30:17.717,4621528b,1,Ask,150.68,103
2025-01-01 09:30:17.731,b7f0d01e,1,Ask,150.67,66
2025-01-01 09:30:17.745,2365e0e1,1,Ask,150.7,33
2025-01-01 09:30:17.747,33d62d75,3,Ask,150.7,92
2025-01-01 09:30:17.751,1164d4ca,1,Ask,150.71,87
2025-01-01 09:30:17.765,cccbf76b,1,Ask,150.7,22
2025-01-01 09:30:17.772,1220bb8d,1,Bid,150.65,42
2025-01-01 09:30:17.781,8e629f9b,2,Ask,150.66,259
2025-01-01 09:30:17.799,be94d9cc,1,Bid,150.66,30
2025-01-01 09:30:17.800,2dc1cf1a,1,Bid,150.67,82
2025-01-01 09:30:17.821,d6fe220c,1,Ask,150.69,159
2025-01-01 09:30:17.823,785b08d4,1,Ask,150.7,168
2025-01-01 09:30:17.835,bd106152,1,Ask,150.71,480
2025-01-01 09:30:17.845,236c1f7d,1,Ask,150.7,72
2025-01-01 09:30:17.861,ea51f426,1,Bid,150.68,101
2025-01-01 09:30:17.865,b6f6901b,3,Ask,150.71,566
2025-01-01 09:30:17.874,fb1a31a6,1,Bid,150.67,52
2025-01-01 09:30:17.880,a1e0ec09,1,Ask,150.75,97
2025-01-01 09:30:17.893,13e28ad2,1,Bid,150.72,112
2025-01-01 09:30:17.900,36803a51,1,Bid,150.73,87
2025-01-01 09:30:17.916,b53e9a86,3,Ask,150.77,270
2025-01-01 09:30:17.923,ef5ac7dd,1,Bid,150.71,9
2025-01-01 09:30:17.935,e8f622e9,3,Bid,150.72,62
2025-01-01 09:30:17.940,182de551,1,Ask,150.76,204
2025-01-01 09:30:17.950,e0b37691,3,Ask,150.76,40
2025-01-01 09:30:17.966,3c175150,1,Bid,150.74,44
2025-01-01 09:30:17.970,4c49d2d2,2,Ask,150.76,67
2025-01-01 09:30:17.980,9b266b16,1,Bid,150.75,436
2025-01-01 09:30:17.990,efcc981c,1,Ask,150.75,124
2025-01-01 09:30:18.015,95084253,3,Bid,150.72,86
2025-01-01 09:30:18.016,73a8f3ed,3,Ask,150.75,31
2025-01-01 09:30:18.022,b3c6e600,1,Bid,150.71,123
2025-01-01 09:30:18.031,cadf1bd5,3,Ask,150.76,24
2025-01-01 09:30:18.042,c2d091ba,2,Ask,150.75,11
2025-01-01 09:30:18.057,3b8a105f,1,Ask,150.73,66
2025-01-01 09:30:18.065,5635f272,2,Bid,150.71,9
2025-01-01 09:30:18.071,8df4b060,1,Bid,150.7,74
2025-01-01 09:30:18.080,53d0a25a,3,Ask,150.73,303
2025-01-01 09:30:18.090,1fcef72a,1,Bid,150.69,478
2025-01-01 09:30:18.105,bb89f20c,2,Bid,150.7,237
2025-01-01 09:30:18.117,59fe8add,1,Ask,150.73,272
2025-01-01 09:30:18.121,227812ca,2,Ask,150.73,72
2025-01-01 09:30:18.130,fb0317c4,1,Bid,150.72,47
2025-01-01 09:30:18.140,c24c0a67,2,Ask,150.75,164
2025-01-01 09:30:18.167,29386b7f,2,Ask,150.75,221
2025-01-01 09:30:18.161,729d6c4e,1,Bid,150.71,149
2025-01-01 09:30:18.177,e4165895,1,Ask,150.74,99
2025-01-01 09:30:18.184,213da574,1,Ask,150.74,27
2025-01-01 09:30:18.192,e5c50136,1,Ask,150.71,13
2025-01-01 09:30:18.201,da94e58d,1,Bid,150.7,102
2025-01-01 09:30:18.210,b084fe35,3,Bid,150.69,340
2025-01-01 09:30:18.224,0d003015,2,Bid,150.68,32
2025-01-01 09:30:18.237,55fbccd0,2,Ask,150.71,143
2025-01-01 09:30:18.245,34cf05e2,1,Ask,150.72,166
2025-01-01 09:30:18.253,4b6fb998,1,Ask,150.72,150
2025-01-01 09:30:18.260,7b04b89c,1,Ask,150.74,38
2025-01-01 09:30:18.287,ca51d5bc,2,Bid,150.68,17
2025-01-01 09:30:18.288,44292a9a,1,Bid,150.68,38
2025-01-01 09:30:18.291,53a951fe,1,Bid,150.71,111
2025-01-01 09:30:18.319,7868c807,1,Bid,150.7,47
2025-01-01 09:30:18.314,9d1e7164,1,Bid,150.71,81
2025-01-01 09:30:18.324,2e716e23,1,Ask,150.74,77
2025-01-01 09:30:18.336,12aa0c39,2,Bid,150.7,71
2025-01-01 09:30:18.348,06c675b7,2,Bid,150.7,117
2025-01-01 09:30:18.355,6998c7d4,1,Bid,150.7,37
2025-01-01 09:30:18.360,6a7dc9d6,1,Ask,150.73,177
2025-01-01 09:30:18.372,4158da88,1,Bid,150.7,37
2025-01-01 09:30:18.393,c3f8f0c7,1,Bid,150.68,122
2025-01-01 09:30:18.391,c99e7747,1,Bid,150.66,55
2025-01-01 09:30:18.402,684bbfa6,2,Ask,150.72,51
2025-01-01 09:30:18.412,b8c91bc0,1,Bid,150.68,93
2025-01-01 09:30:18.422,3f023c49,2,Ask,150.71,79
2025-01-01 09:30:18.434,9d603551,2,Bid,150.69,121
2025-01-01 09:30:18.454,b30ebfbc,3,Ask,150.74,137
2025-01-01 09:30:18.451,d5cacea2,1,Ask,150.73,13
2025-01-01 09:30:18.460,a2cbe262,1,Bid,150.71,144
2025-01-01 09:30:18.471,82e39201,1,Bid,150.71,145
2025-01-01 09:30:18.490,06508b2b,3,Ask,150.73,101
2025-01-01 09:30:18.495,f18da20a,1,Bid,150.72,214
2025-01-01 09:30:18.501,d3250120,3,Bid,150.7,138
2025-01-01 09:30:18.518,6b231acb,1,Bid,150.71,28
2025-01-01 09:30:18.529,be001f07,1,Ask,150.76,472
2025-01-01 09:30:18.539,c302ff95,1,Bid,150.74,155
2025-01-01 09:30:18.552,f2cd3ecd,1,Ask,150.76,27
2025-01-01 09:30:18.551,4bad091e,3,Ask,150.75,56
2025-01-01 09:30:18.567,0f08aea2,1,Ask,150.75,61
2025-01-01 09:30:18.573,e2344326,1,Bid,150.73,153
2025-01-01 09:30:18.589,05f31b85,1,Bid,150.74,220
2025-01-01 09:30:18.596,8ce57073,1,Ask,150.78,115
2025-01-01 09:30:18.607,6aa00ce5,2,Bid,150.75,164
2025-01-01 09:30:18.615,398a10a2,2,Ask,150.78,148
2025-01-01 09:30:18.620,16ceae7a,2,Bid,150.74,10
2025-01-01 09:30:18.633,96d7bf86,1,Ask,150.76,38
2025-01-01 09:30:18.660,f9b901de,2,Ask,150.77,8
2025-01-01 09:30:18.663,b15a22cf,1,Bid,150.73,45
2025-01-01 09:30:18.660,f8df92a9,1,Ask,150.77,79
2025-01-01 09:30:18.670,8885ed47,1,Ask,150.76,27
2025-01-01 09:30:18.680,4989232b,1,Bid,150.74,67
2025-01-01 09:30:18.696,ba18ab46,1,Ask,150.77,147
2025-01-01 09:30:18.708,1082cae3,1,Ask,150.77,121
2025-01-01 09:30:18.711,6bcc6c00,1,Ask,150.75,60
2025-01-01 09:30:18.723,89dba6bb,2,Ask,150.74,33
2025-01-01 09:30:18.739,e116124d,1,Ask,150.75,191
2025-01-01 09:30:18.746,82e42f78,1,Ask,150.75,198
2025-01-01 09:30:18.753,6a1f44e2,1,Bid,150.7,350
2025-01-01 09:30:18.764,9b2ab006,3,Bid,150.71,46
2025-01-01 09:30:18.773,317afa77,1,Ask,150.76,15
2025-01-01 09:30:18.781,7a1265dc,1,Ask,150.74,151
2025-01-01 09:30:18.794,b72756d1,3,Ask,150.74,14
2025-01-01 09:30:18.805,499b4e89,1,Ask,150.73,95
2025-01-01 09:30:18.820,681fa9e2,1,Bid,150.71,32
2025-01-01 09:30:18.825,7eb3fbd6,1,Bid,150.69,85
2025-01-01 09:30:18.837,58eddf79,1,Ask,150.72,23
2025-01-01 09:30:18.840,c61219c4,1,Ask,150.72,52
2025-01-01 09:30:18.853,d149f75f,1,Ask,150.7,46
2025-01-01 09:30:18.860,7707b839,1,Ask,150.72,115
2025-01-01 09:30:18.871,4f87694c,1,Ask,150.72,370
2025-01-01 09:30:18.886,27f71b30,1,Ask,150.7,139
2025-01-01 09:30:18.914,953903bf,2,Bid,150.68,64
2025-01-01 09:30:18.900,fb0a3f2d,1,Bid,150.66,297
2025-01-01 09:30:18.912,13a7299e,1,Bid,150.65,142
2025-01-01 09:30:18.928,af1b914b,3,Ask,150.68,8
2025-01-01 09:30:18.931,f735b70e,1,Ask,150.68,54
2025-01-01 09:30:18.944,ac586918,1,Ask,150.69,57
2025-01-01 09:30:18.956,bdff1fa8,1,Ask,150.69,67
2025-01-01 09:30:18.964,e4a53408,1,Bid,150.66,73
2025-01-01 09:30:18.971,73ffb0cc,1,Ask,150.7,73
2025-01-01 09:30:18.982,3a0e131c,1,Bid,150.64,256
2025-01-01 09:30:18.997,791d171b,1,Bid,150.65,524
2025-01-01 09:30:19.004,8bb6fcd2,1,Ask,150.67,95
2025-01-01 09:30:19.010,e6b63ca9,1,Ask,150.68,101
2025-01-01 09:30:19.027,66cc4810,2,Bid,150.64,349
2025-01-01 09:30:19.030,3c7c2c32,1,Bid,150.65,18
2025-01-01 09:30:19.046,f85fb587,2,Bid,150.65,39
2025-01-01 09:30:19.051,1f59698e,2,Bid,150.65,85
2025-01-01 09:30:19.075,ca05c125,1,Bid,150.64,82
2025-01-01 09:30:19.072,e96a4ead,1,Bid,150.65,184
2025-01-01 09:30:19.081,3a7f1889,1,Bid,150.65,63
2025-01-01 09:30:19.090,85c61689,1,Bid,150.64,121
2025-01-01 09:30:19.101,b7318bb0,1,Ask,150.65,537
2025-01-01 09:30:19.120,55c01a7f,1,Bid,150.62,208
2025-01-01 09:30:19.148,682d782a,1,Bid,150.63,1191
2025-01-01 09:30:19.132,fceef4a0,1,Ask,150.65,72
2025-01-01 09:30:19.142,bee96c22,1,Bid,150.61,88
2025-01-01 09:30:19.156,5db5afcf,1,Ask,150.63,180
2025-01-01 09:30:19.170,97153b6c,1,Ask,150.63,101
2025-01-01 09:30:19.174,0359118c,2,Bid,150.6,81
2025-01-01 09:30:19.182,3d47b17e,3,Bid,150.61,53
2025-01-01 09:30:19.192,c0966a74,1,Ask,150.63,124
2025-01-01 09:30:19.205,3c4a079f,2,Ask,150.61,60
2025-01-01 09:30:19.210,20b04523,1,Ask,150.63,119
2025-01-01 09:30:19.224,7ec48b6e,2,Ask,150.62,53
2025-01-01 09:30:19.232,9fa22b3e,3,Ask,150.63,184
2025-01-01 09:30:19.247,9fdf3883,2,Bid,150.62,50
2025-01-01 09:30:19.250,912eab8d,3,Bid,150.63,56
2025-01-01 09:30:19.264,1a96e975,1,Bid,150.64,24
2025-01-01 09:30:19.273,fc7ebcb1,1,Bid,150.61,371
2025-01-01 09:30:19.285,0f21287b,1,Ask,150.64,70
2025-01-01 09:30:19.290,06f4c82f,2,Bid,150.61,135
2025-01-01 09:30:19.304,aed2d717,1,Bid,150.62,18
2025-01-01 09:30:19.314,3c051ddf,1,Bid,150.6,196
2025-01-01 09:30:19.324,e56b14ee,1,Ask,150.63,9
2025-01-01 09:30:19.334,4ecc7132,2,Ask,150.63,485
2025-01-01 09:30:19.345,d2b53e80,2,Bid,150.62,63
2025-01-01 09:30:19.358,f921444f,1,Bid,150.64,110
2025-01-01 09:30:19.361,e683855f,1,Bid,150.64,78
2025-01-01 09:30:19.378,1741b98a,1,Ask,150.67,99
2025-01-01 09:30:19.383,00b08321,1,Ask,150.65,70
2025-01-01 09:30:19.390,a7d23a38,1,Bid,150.64,150
2025-01-01 09:30:19.400,e4f4f246,2,Ask,150.67,1144
2025-01-01 09:30:19.412,b54c506d,1,Bid,150.64,86
2025-01-01 09:30:19.427,3b05aea3,1,Ask,150.69,725
2025-01-01 09:30:19.436,1249ca0b,2,Ask,150.67,288
2025-01-01 09:30:19.447,dcbb787d,1,Bid,150.64,152
2025-01-01 09:30:19.453,1a7c54e6,1,Ask,150.68,286
2025-01-01 09:30:19.462,5e486bee,2,Bid,150.65,662
2025-01-01 09:30:19.470,8cc03247,1,Ask,150.67,14
2025-01-01 09:30:19.481,3a374bc5,2,Ask,150.67,84
2025-01-01 09:30:19.492,81011de1,1,Bid,150.64,525
2025-01-01 09:30:19.500,353b3c0b,1,Bid,150.65,83
2025-01-01 09:30:19.511,e71a4245,1,Ask,150.68,70
2025-01-01 09:30:19.524,7f4939f1,1,Ask,150.69,62
2025-01-01 09:30:19.536,edecb5a5,1,Ask,150.67,79
2025-01-01 09:30:19.572,39c9c4a9,3,Bid,150.64,59
2025-01-01 09:30:19.563,3a54c739,1,Bid,150.63,111
2025-01-01 09:30:19.565,544c0fb8,1,Bid,150.62,23
2025-01-01 09:30:19.572,5c383674,1,Bid,150.64,76
2025-01-01 09:30:19.585,64bc9a8e,2,Ask,150.67,86
2025-01-01 09:30:19.597,ddce90d1,2,Ask,150.66,16
2025-01-01 09:30:19.600,7f68f5ea,1,Bid,150.67,82
2025-01-01 09:30:19.612,b41f7339,1,Bid,150.65,214
2025-01-01 09:30:19.629,5acf0901,1,Ask,150.7,67
2025-01-01 09:30:19.632,4434ff5d,2,Bid,150.67,48
2025-01-01 09:30:19.644,c35931f4,2,Ask,150.69,97
2025-01-01 09:30:19.654,ff605a37,1,Bid,150.64,268
2025-01-01 09:30:19.661,b914e0d9,1,Bid,150.66,140
2025-01-01 09:30:19.672,445e6cf8,1,Bid,150.65,248
2025-01-01 09:30:19.682,f1179a3e,1,Bid,150.65,71
2025-01-01 09:30:19.690,c6ae2b6e,1,Bid,150.64,102
2025-01-01 09:30:19.700,adb9d310,2,Bid,150.63,179
2025-01-01 09:30:19.718,5883aeee,1,Ask,150.67,115
2025-01-01 09:30:19.721,e3671c5b,2,Ask,150.68,28
2025-01-01 09:30:19.733,8233a1b7,1,Ask,150.68,59
2025-01-01 09:30:19.741,eff447bc,1,Bid,150.64,19
2025-01-01 09:30:19.764,b02195a7,1,Bid,150.63,137
2025-01-01 09:30:19.761,3d9b8e40,3,Ask,150.65,218
2025-01-01 09:30:19.772,7cbc78a9,2,Bid,150.63,207
2025-01-01 09:30:19.790,8eb43854,1,Ask,150.64,57
2025-01-01 09:30:19.799,4db6498c,1,Bid,150.6,42
2025-01-01 09:30:19.801,62a53730,3,Bid,150.59,122
2025-01-01 09:30:19.818,9aa52aa9,2,Ask,150.61,84
2025-01-01 09:30:19.823,21ac3f1d,2,Bid,150.58,467
2025-01-01 09:30:19.833,bb8ada82,3,Bid,150.6,33
2025-01-01 09:30:19.840,ee9b81cd,1,Bid,150.6,87
2025-01-01 09:30:19.850,fb6641bd,2,Bid,150.62,37
2025-01-01 09:30:19.866,9c4d4807,1,Bid,150.62,50
2025-01-01 09:30:19.873,e6b020d0,1,Bid,150.61,199
2025-01-01 09:30:19.882,2f3acbe0,1,Ask,150.65,118
2025-01-01 09:30:19.896,aa7a1777,1,Bid,150.64,62
2025-01-01 09:30:19.907,aeafc2f2,1,Ask,150.65,693
2025-01-01 09:30:19.910,d64988c8,2,Bid,150.65,83
2025-01-01 09:30:19.924,b71842d5,1,Ask,150.67,157
2025-01-01 09:30:19.930,40c8ab77,1,Ask,150.67,20
2025-01-01 09:30:19.946,ec4a7806,1,Bid,150.63,47
2025-01-01 09:30:19.955,56f212d9,1,Bid,150.63,47
2025-01-01 09:30:19.975,bde00ad3,3,Bid,150.65,745
2025-01-01 09:30:19.970,2a6018a3,1,Bid,150.66,35
2025-01-01 09:30:19.980,4dcaca1d,1,Ask,150.7,180
2025-01-01 09:30:19.991,24f9164d,1,Ask,150.7,173
2025-01-01 09:30:20.001,22dc021c,1,Ask,150.71,338
2025-01-01 09:30:20.011,7681ed1b,1,Ask,150.71,63
2025-01-01 09:30:20.031,ca949744,2,Ask,150.72,257
2025-01-01 09:30:20.031,9102e845,1,Bid,150.68,30
2025-01-01 09:30:20.041,83923527,3,Ask,150.7,117
2025-01-01 09:30:20.057,6c6081a0,2,Bid,150.68,370
2025-01-01 09:30:20.062,151d0425,2,Bid,150.69,38
2025-01-01 09:30:20.077,82161f90,1,Ask,150.7,93
2025-01-01 09:30:20.080,95f6641d,1,Ask,150.69,310
2025-01-01 09:30:20.093,f3310af5,3,Ask,150.69,56
2025-01-01 09:30:20.100,69b6b4a1,1,Bid,150.68,253
2025-01-01 09:30:20.110,360dfb5a,1,Bid,150.68,155
2025-01-01 09:30:20.131,81ecaf88,1,Bid,150.69,48
2025-01-01 09:30:20.130,972fe6ff,3,Ask,150.71,53
2025-01-01 09:30:20.143,883c5543,1,Bid,150.69,11
2025-01-01 09:30:20.152,1b17d040,1,Bid,150.67,108
2025-01-01 09:30:20.162,8fe9e6b8,1,Ask,150.71,86
2025-01-01 09:30:20.181,88ac80bb,2,Bid,150.68,373
2025-01-01 09:30:20.180,66de1d1e,1,Bid,150.67,81
2025-01-01 09:30:20.195,4a98bdba,1,Bid,150.69,64
2025-01-01 09:30:20.216,3d612c4c,1,Bid,150.67,65
2025-01-01 09:30:20.214,8dfc6339,3,Bid,150.65,40
